3320 5169
1616 474 1696 534 62

633 681 858 745 ἀᾶται.
957 679 1123 744 Hinc
1190 680 1417 744 factum
1471 685 1542 742 ut
1611 701 1787 764 saepe
1844 679 1909 743 in
1956 679 2121 743 varia
2181 684 2449 745 monstra
2495 680 2688 746 abeat.

634 799 793 865 Vide
833 799 1124 864 Valcken.
1171 798 1249 863 ad
1294 803 1579 863 Ammon.
1625 820 1686 883 p.
1730 801 1857 862 248
1906 797 1971 862 in
2016 797 2259 862 Scholio
2307 799 2522 864 misere
2567 822 2693 864 cor·

634 926 816 1006 rupto
861 919 1073 1004 ibique
1114 919 1199 984 cf.
1247 917 1452 982 Schol.
1502 917 1754 982 Veneta.
1846 915 2016 981 Clare
2063 917 2176 982 tibi
2218 918 2535 1004 apparebit
2587 941 2694 1006 pro

636 1040 672 1116 ἤ
718 1039 850 1105 εἴτε
896 1037 1219 1125 legendum
1265 1060 1394 1102 esse
1441 1039 1474 1111 ἧ
1523 1035 1671 1112 ἄτη.

729 1160 819 1224 De
866 1183 909 1222 αι
955 1163 1018 1222 et
1063 1182 1129 1222 ευ
1185 1156 1571 1222 commutatis
1632 1156 1880 1222 omnino
1935 1156 2248 1222 adeundus
2312 1163 2401 1222 est
2454 1157 2697 1223 Monte·

636 1279 937 1345 falconins
998 1278 1156 1363 (Pal.
1217 1275 1325 1341 Gr.
1389 1299 1451 1361 p.
1500 1278 1654 1362 343)
1714 1277 1823 1360 qui
1883 1276 2269 1363 probabiliter
2332 1300 2428 1342 me
2494 1278 2698 1343 iudice

640 1398 921 1462 emendat
968 1394 1349 1460 Herodotum
1409 1394 1574 1479 (Lib.
1621 1394 1736 1477 IV,
1805 1397 1955 1481 191)
2002 1418 2112 1481 pro
2165 1396 2699 1476 ἀκατάψευστα

639 1516 815 1597 θηρία
862 1516 1136 1595 dnm-0242
1161 1537 1430 1578 οιυστοι
1478 1514 1701 1578 bestiae
1746 1514 2159 1579 intractabiles
2203 1537 2520 1601 reponens,
2582 1515 2698 1581 Fu-

636 1636 736 1722 git
771 1636 920 1700 haec
959 1634 1302 1700 emendatio
1334 1633 1636 1698 editorum
1662 1634 2071 1719 diligentiam,
2109 1655 2366 1718 quorum
2390 1634 2702 1699 Bekkerus

643 1761 703 1819 et
767 1752 1123 1840 Kruegerus
1180 1758 1518 1837 sequuntur
1577 1751 1898 1816 Reiskium
1958 1753 2367 1838 perfunctorie
2429 1760 2498 1818 ut
2553 1753 2703 1818 solet

642 1875 813 1955 θηρία
865 1870 1295 1953 κατωψευστοέ
1345 1872 1782 1958 corrigentem,
1831 1871 2154 1936 Dietschio
2211 1872 2364 1937 nihil
2409 1872 2702 1938 suboluit.

731 1993 1277 2078 Frequentissimus
1321 1991 1423 2055 hic
1470 2008 1635 2055 error
1692 1996 1785 2054 est
1842 1990 1910 2054 in
1960 1990 2276 2055 adiectivis
2321 1997 2384 2055 et
2429 1991 2705 2056 substan·

645 2112 788 2177 tivis
839 2112 914 2176 ab
977 2136 1017 2174 cz
1075 2110 1382 2197 privativo
1445 2114 1507 2173 et
1574 2133 1640 2172 ευ
1712 2109 2163 2195 incipientibus,
2256 2110 2411 2191 Quis
2477 2111 2705 2187 nescit,

644 2237 715 2296 ut
760 2232 880 2295 hoc
932 2236 1095 2310 utar,
1161 2229 1417 2307 εὔλογον
1478 2234 1541 2292 et
1603 2227 1839 2306 ἄλογον
1898 2251 1931 2292 e
1976 2229 2221 2314 regione
2265 2229 2425 2293 inter
2468 2251 2531 2293 se
2578 2252 2706 2294 esse

648 2350 968 2436 opposita?
1060 2348 1397 2434 Disputari-t
1443 2354 1644 2413 tamen
1691 2323 1952 2413 editores
1995 2372 2119 2414 non
2167 2350 2296 2414 sine
2341 2350 2430 2413 ira
2475 2357 2537 2412 et
2581 2354 2707 2413 stu-

646 2467 748 2533 dio
808 2474 1014 2532 utrum
1077 2467 1296 2532 horum
1360 2490 1603 2554 quoque
1663 2467 1795 2531 loco
1864 2475 2174 2533 exaratum
2236 2469 2335 2534 sit.
2426 2470 2705 2549 Frustra3

649 2589 814 2653 nulla
860 2588 1022 2653 enim
1069 2594 1159 2652 est
1201 2587 1266 2651 in
1315 2587 1538 2652 talibus
1585 2587 1866 2652 codicum
1910 2589 2261 2654 auctoritas,
2354 2589 2497 2653 Solo
2551 2588 2709 2653 iudi-

651 2709 745 2773 cio
793 2708 1113 2786 standum3
1160 2701 1382 2771 τᾶλλα
1430 2708 1616 2789 κωφοὶ
1666 2708 1772 2771 καὶ
1820 2706 2068 2790 τυφλά.
2142 2709 2323 2795 Apud
2367 2708 2709 2774 Lucianum

644 2829 729 2893 de
797 2827 1008 2892 Sacris.
1070 2830 1106 2913 ᾧ
1158 2830 1238 2891 13
1284 2850 1339 2893 e.
1379 2850 1434 2893 c.
1497 2851 1635 2894 cum
1681 2827 1907 2894 Cobeto
1969 2829 2429 2915 corrigendum:
2494 2828 2599 2894 καὶ
2649 2827 2713 2892 τί

654 2944 780 3026 γὰρ
835 2948 942 3010 οὐκ
989 2945 1237 3023 ἀσεβὲς
1287 2947 1617 3021 ἕπιτελῶνς
1673 2946 1856 3033 (Vide
1902 2947 2048 3013 Var.
2095 2948 2266 3013 Lect.
2315 2972 2373 3034 p.
2431 2950 2553 3012 121
2605 2946 2714 3012 ubi

655 3066 846 3132 multa
892 3088 967 3131 ex
1010 3066 1124 3131 hoc
1155 3088 1373 3153 genere
1416 3067 1634 3154 affert.)
1684 3072 1745 3131 et
1790 3065 1878 3131 sic
1923 3065 2150 3152 ubique
2194 3066 2518 3154 legendum
2551 3066 2717 3153 quod

652 3186 929 3273 postulat
975 3185 1292 3252 verborum
1342 3192 1683 3252 contextus·
1799 3275 1813 3284 ·
1910 3178 1920 3184 '

748 3305 797 3383 β
845 3327 965 3391 qua
1011 3305 1206 3370 forma
1253 3306 1599 3372 etiamnunc
1637 3306 1872 3371 utimur
1917 3304 2212 3392 scriptum
2255 3328 2720 3393 nonnumquam

654 3424 920 3491 habetur
964 3449 1075 3513 pro
1122 3427 1150 3491 θ
1199 3426 1332 3492 vioe
1376 3449 1578 3494 versa:
1640 3427 1783 3506 βίου
1845 3435 1906 3494 et
1951 3427 2104 3494 θείου
2156 3427 2300 3494 inde
2351 3434 2720 3515 permutata,

658 3546 896 3624 λαβεῖν
952 3552 1015 3611 et
1055 3547 1271 3611 «λαθεῖν
1314 3547 1363 3631 1)
1428 3546 1549 3611 fuit
1611 3547 1795 3614 etiam
1842 3549 1951 3636 qui
1994 3570 2106 3636 pro
2150 3548 2470 3636 participio
2515 3547 2725 3614 aoristi

655 3663 836 3729 verbi
881 3663 1192 3745 καθαίρειν
1238 3664 1465 3751 legeret
1510 3666 1823 3748 κωβήροις.

743 3858 786 3931 ¹)
840 3855 1111 3929 Aristoph.
1147 3855 1351 3913 Eccles.
1389 3858 1460 3924 V,
1500 3860 1569 3915 26
1605 3858 1686 3915 ita
1721 3857 1898 3916 editur
1933 3878 1966 3916 a
2000 3858 2301 3918 Dindorfio:

1033 3946 1062 4013 ἢ
1107 3949 1383 4021 &diade-m
1425 3950 1692 4022 τάνδρεῖα
1732 3953 2055 4022 κλεψάσαις
2098 3954 2370 4025 λαβεῖν

1036 4042 1090 4113 ἦν
1132 4050 1398 4122 χαλεπὸν
1441 4048 1667 4118 αὐταῖς.

750 4143 1014 4217 Equidem
1047 4148 1284 4220 praefero
1320 4145 1604 4204 lectionem
1650 4145 1781 4205 edit.
1813 4147 2242 4205 {Burmannianue
2278 4145 2485 4204 λαθεῖν.
