3320 5169
1501 578 1578 644 17

594 791 765 856 Haec
811 791 877 855 in
924 789 1366 875 antiquissimis
1411 790 1785 855 editionibus
1832 790 1936 855 ubi
1983 796 2241 855 metrum
2293 790 2562 876 complu-

503 909 669 976 ribus
715 910 870 975 locis
917 916 1022 975 aut
1081 910 1260 996 plane
1319 909 1651 996 negligitur
1698 917 1804 976 aut
1853 909 2070 976 misere
2115 909 2432 997 iugulatur
2476 910 2563 975 ita

503 1030 970 1118 distinguuntur
989 1057 1002 1096 ε

1089 1131 1272 1198 ἀλλά
1318 1156 1434 1197 τινι
1486 1133 1591 1197 καὶ
1642 1132 1768 1214 γὰρ
1819 1131 1977 1210 αὕτη

505 1270 669 1355 quod
729 1269 885 1334 nihil
943 1275 1055 1335 est.
1146 1271 1359 1333 Atram
1419 1266 1737 1353 caliginem
1798 1265 2065 1353 dispellit
2117 1267 2281 1334 idem
2343 1265 2563 1334 Casau·

505 1389 701 1454 bonus
752 1411 907 1475 „ope
954 1388 1198 1453 divinae
1243 1384 1543 1452 Critices”
1606 1386 1786 1451 ἀλλὰ
1845 1386 1943 1462 τίς
2012 1392 2150 1470 νικᾷ
2216 1388 2341 1469 γὰρ
2401 1385 2560 1464 αὕτη

506 1509 622 1581 τὰς
673 1508 911 1588 τέχνας
962 1508 1178 1580 πάσαις
1229 1507 1412 1573 πολύ.

593 1632 812 1716 Neque
867 1631 1119 1696 minoris
1178 1629 1581 1717 praestantiae
1639 1635 1785 1693 sunt
1845 1651 2002 1715 quae
2061 1630 2177 1695 hoc
2228 1630 2294 1694 in
2347 1625 2590 1717 genere

504 1750 691 1815 habet
749 1749 1091 1815 Richardus
1137 1749 1450 1814 Bentleius
1510 1748 1576 1813 in
1638 1749 1916 1831 Epistola
1960 1750 2046 1813 ad
2083 1749 2365 1813 Ioannem
2410 1749 2564 1813 Mil-

505 1869 652 1933 Zium
693 1868 1003 1948 ''mirabili
1038 1868 1145 1932 illo
1182 1867 1415 1954 ingenii
1453 1872 1515 1931 et
1554 1867 1869 1932 doctrinae
1907 1874 2333 1948 monumento,
2383 1869 2563 1952 quale

502 1988 802 2074 proficisci
848 2011 968 2052 non
1014 1992 1253 2074 poterat
1307 1986 1426 2050 nisi
1474 2009 1509 2050 a
1557 1986 1827 2072 principe
1881 1986 2105 2051 saeculi
2167 1987 2261 2052 sui
2324 1986 2563 2051 critico-

504 2104 682 2172 rum”
725 2107 800 2191 1).
892 2105 1023 2170 Iam
1082 2105 1278 2191 prima
1334 2104 1553 2191 pagina
1615 2104 1945 2169 incidimus
1997 2105 2061 2170 in
2120 2106 2183 2171 id
2243 2105 2406 2191 quod
2463 2129 2564 2170 vo-

502 2226 722 2290 lumus·
792 2223 1140 2310 Castigatur
1165 2223 1335 2288 locus
1383 2223 1793 2288 subobscurus
1832 2222 2083 2288 Ioannis
2115 2223 2375 2290 Malalae
2391 2275 2408 2304 ,
2457 2220 2566 2287 ho-

506 2344 688 2409 minis
727 2349 853 2408 tam
899 2343 1092 2429 inepti
1143 2350 1214 2406 ut
1246 2343 1345 2408 vel
1382 2342 1520 2407 hac'
1544 2342 1679 2429 ipsa
1722 2342 1795 2408 de
1842 2364 2019 2408 causa
2051 2365 2265 2430 operae
2302 2343 2566 2430 pret-ium

506 2462 588 2528 sit
636 2462 1104 2543 Χρονογραιφίοιν
1153 2461 1286 2526 eius
1332 2483 1439 2546 per
1482 2461 1680 2526 otium
1724 2483 2086 2547 percurrere.
2178 2462 2567 2527 Delectamur

507 2583 669 2648 enim
727 2582 930 2648 nescio
978 2605 1102 2668 quo
1136 2581 1342 2646 .modo
1405 2580 1682 2646 abstrusa
1743 2581 1852 2646 illa
1909 2588 2034 2647 tam
2094 2580 2347 2668 perfecti
2394 2580 2569 2670 stulti

509 2703 822 2789 sapientia.
877 2702 992 2765 vIn
1049 2702 1190 2765 loco
1236 2708 1441 2766 autem
1500 2725 1534 2765 a
1593 2701 1869 2765 Bentleio
1932 2709 2199 2767 correcto
2262 2701 2338 2765 de
2406 2681 2570 2766 more

507 2823 622 2888 hoc
681 2828 822 2887 ante
884 2822 1088 2888 omnia
1149 2821 1277 2906 agit
1337 2820 1478 2907 pius
1540 2820 1791 2885 Malalas
1852 2827 1925 2885 ut
1985 2828 2263 2887 accurate
2310 2829 2571 2907 exponat

509 2966 691 3029 quam
760 2942 913 3007 mira
987 2964 1161 3028 saepe
1233 2941 1568 3005 intercedat
1631 2940 2057 3006 convenientia
2123 2932 2283 3007 inter
2350 2942 2571 3028 placita

509 3063 886 3128 ethnicorum
932 3068 993 3126 et
1029 3083 1201 3125 verae
1245 3059 1562 3145 religionis
1609 3039 1968 3129 doctrinam.
2037 3061 2349 3126 Nimirum
2398 3063 2569 3128 lucu·

506 3184 700 3249 lenter
742 3181 1055 3247 ostendere
1107 3180 1227 3245 sibi
1275 3176 1516 3243 videtur
1562 3202 1747 3263 quam
1802 3179 2102 3265 praeclare
2148 3179 2426 3266 Orpheus
2471 3181 2569 3245 ille

509 3300 700 3365 multa
745 3300 1031 3366 cecinerit
1077 3298 1325 3363 omnino
1374 3299 1568 3369 καθὼς
1620 3301 1897 3370 Meo-&6534
1940 3298 1966 3362 ὃ
2015 3298 2336 3380 πάνυ-σῷος
2382 3299 2568 3364 κατέ·

424 3444 431 3449 ·
510 3420 643 3483 Osa-o
691 3423 951 3485 ταῦτα]
1039 3418 1158 3484 Oui
1201 3441 1324 3482 non
1385 3417 1552 3483 iussa
1597 3424 1840 3484 tantum
1885 3419 1990 3483 sed
2035 3420 2235 3505 ipsum
2282 3441 2566 3484 arcanum

510 3562 728 3604 nomen
790 3538 907 3603 Dei
968 3536 1186 3624 optimi
1247 3536 1497 3601 maximi
1557 3537 1898 3604 innotuisse
1955 3545 2187 3603 narrat:
2260 3533 2327 3602 οὗ
2374 3538 2567 3618 ὄνομα

454 3653 537 3722 -’ὂ
571 3659 757 3731 αὐτὸς
790 3658 1066 3741 Ὀρφεὺς
1108 3655 1386 3744 ἀκούσαις
1435 3658 1503 3721 ἐκ
1550 3664 1662 3731 τῆς
1701 3657 2009 3737 μαντείαις
2053 3657 2264 3736 ἐξεῖπε
2303 3660 2392 3738 μή
2424 3683 2565 3724 τινα

416 3848 418 3850 ,
509 3779 713 3862 φάναι
773 3778 858 3842 τὰ,
920 3778 1205 3857 ἐρικεπεὼ
1273 3772 1443 3864 (ὅπερ
1492 3778 1894 3860 ἑρμηνεύεται
1960 3788 2038 3861 τῇ
2088 3790 2251 3863 κοινῇ
2308 3780 2565 3862 γλώσσῃ

510 3900 740 3977 βουλὴ,
787 3904 951 3979 φῶς,
1000 3897 1338 3983 ζωοδοτῆρ).
1433 3899 1606 3964 Haec
1647 3897 1832 3964 verba
1869 3922 2005 3964 cum
2051 3900 2200 3964 olim
2251 3899 2339 3963 ita
2382 3899 2567 3963 inter-

509 4019 729 4107 pretati
785 4017 911 4083 sint
965 4017 1084 4082 viri
1146 4016 1311 4081 docti
1367 4057 1401 4098 ,Ι
1411 4018 1586 4084 cuius
1642 4041 1865 4084 nomen
1909 4041 1984 4084 ex
2030 4017 2268 4084 oraculo
2314 4017 2565 4082 edoctus

584 4265 625 4335 ¹)
679 4261 857 4318 Verba
887 4260 1213 4317 Ruhnkenii.
