3320 5169
977 1521 1399 1620 CAPUT
1481 1520 2102 1621 QUINTUM.

616 2260 779 2324 Usus
839 2258 1366 2345 compendiorum,
1436 2239 1504 2320 si⁴
1549 2278 1739 2321 unum
1799 2256 1863 2321 N
1913 2255 2087 2320 finale
2132 2255 2435 2342 exceperis
2480 2277 2588 2341 per

527 2378 808 2444 lineolam
835 2377 1216 2463 praecedenti
1249 2376 1461 2440 literae
1498 2376 1938 2461 suprapositam
1987 2394 2331 2461 expressum
2350 2426 2368 2455 ‚
2416 2375 2587 2440 inva-

528 2497 649 2563 luit
710 2495 949 2562 saeculo
1002 2517 1163 2560 nono
1218 2493 1400 2558 simul
1456 2515 1592 2558 cum
1650 2494 1992 2558 charactere
2042 2493 2252 2580 ligato,
2331 2482 2402 2558 ‘A
2463 2516 2584 2578 quo

527 2617 670 2682 inde
716 2622 988 2702 tempore
1033 2613 1337 2701 quidquid
1382 2613 1687 2679 scribendi
1736 2613 2002 2679 laborem
2049 2614 2254 2700 aliqua
2298 2636 2371 2679 ex
2418 2621 2589 2701 parte

528 2736 798 2800 minuere
850 2739 1051 2820 potest
1095 2733 1312 2820 cupide
1359 2756 1393 2798 a
1443 2732 1707 2798 librariis
1766 2733 2202 2818 frequentatur.
2296 2735 2381 2799 At
2427 2756 2587 2799 com·

527 2840 767 2941 pendiis
839 2853 1032 2918 multo
1102 2853 1479 2940 antiquiores
1549 2859 1874 2917 occurrunt
1946 2876 2276 2939 paucorum
2355 2854 2592 2941 aliquot

528 2973 1051 3038 substantivorum
1106 2971 1587 3037 abbreviationes
1648 2971 1767 3035 iam
1829 2972 1892 3035 in
1940 2972 2369 3037 vetustissimis
2414 2974 2590 3039 libris

530 3094 858 3174 solemnes,
908 3115 1063 3178 quae
1102 3114 1177 3155 ex
1212 3090 1436 3155 Bibliis
1476 3090 1845 3174 caeterisque
1880 3091 2362 3171 Christianorum
2404 3093 2587 3179 scrip-

531 3212 613 3276 tis
664 3211 736 3276 *in
797 3212 1059 3297 reliquos
1127 3209 1365 3274 codices
1435 3209 1713 3273 invectae
1780 3216 1942 3274 sunt.
2034 3211 2343 3292 Quasnam
2412 3236 2589 3278 voces

530 3330 920 3417 potissimum
967 3329 1312 3395 abbreviare
1357 3327 1653 3415 placuerit
1699 3350 1792 3393 res
1837 3328 1966 3414 ipsa
2019 3329 2258 3395 clamat.
2350 3329 2591 3418 Nempe

530 3455 767 3537 praeter
810 3449 1062 3515 nomina
1105 3448 1347 3535 propria
1382 3454 1450 3510 ut
1474 3449 1743 3522 Ἰησοῦς,
1776 3447 2063 3528 Ἰσραὴλ,
2108 3449 2345 3524 mma,
2379 3451 2589 3531 Ἰερου-

531 3570 755 3646 σαλὴμ
818 3569 960 3648 alia,
1031 3590 1187 3653 quae
1254 3566 1471 3653 quavis
1537 3566 1759 3653 pagina
1826 3567 1964 3653 plus
2031 3568 2213 3633 semel
2272 3568 2591 3656 leguntur,

533 3691 750 3756 haecce
795 3688 1131 3775 imprimis:
1195 3688 1358 3763 θεὸς,
1424 3686 1768 3768 ἄνθρωπος,
1835 3688 2077 3769 ποετ-ἦρ’,
2132 3688 2374 3771 μήτηρ,
2423 3691 2586 3766 υἱὸς,

533 3817 827 3888 πνεῦμα,
898 3811 1129 3890 κύριος,
1191 3809 1425 3889 σωτὴρ,
1486 3809 1769 3888 οὐρανὸς,
1838 3806 2123 3888 σταυρός.
2218 3809 2322 3874 Fit
2385 3808 2593 3874 abbre-

535 3930 724 3995 viatio
795 3951 1031 3994 summa
1100 3928 1442 3992 constantia
1511 3927 1576 3991 in
1642 3928 1807 3992 hunc
1876 3929 2153 3992 modum:
2225 3929 2597 3993 omittuntur

536 4048 751 4114 literae
820 4048 1090 4128 mediae;
1160 4047 1409 4132 reliquis
1468 4047 1903 4133 supraponitur
1962 4047 2118 4111 linea
2169 4047 2596 4129 horizontalis,

538 4188 593 4232 e.
634 4188 720 4233 o.:
798 4150 1042 4230 ffO—C'-
1073 4190 1156 4223 =
1197 4164 1539 4248 ἄνθρωπος,
1622 4154 1726 4231 9-0
1761 4198 1844 4223 =
1879 4167 2043 4243 θεὸς,
2119 4153 2328 4230 Ῑζῖ-τ-
2354 4166 2588 4249 κύριος,
