3320 5169
1722 528 1805 588 92

827 761 926 810 ους
954 768 1036 794 ·-=
1090 753 1169 818 y,
1236 738 1402 823 quod
1465 738 1893 825 compendium
1939 762 2060 806 non
2110 745 2353 805 tantum
2407 743 2796 829 suprascribi-

737 865 838 923 tur
883 857 988 922 sed
1033 879 1211 945 saepe
1255 858 1440 922 etiam
1485 857 1809 923 ascribitur
1854 882 1906 926 e.
1932 881 1984 925 c.
2034 860 2093 940 ὄρ
2123 838 2177 908 y
2202 859 2494 942 εὔρους.

824 1000 921 1041 ουν
949 1008 1032 1035 ==
1065 987 1141 1061 g,
1216 977 1644 1065 compendium
1715 978 2099 1046 simillimum
2167 980 2377 1047 literae
2443 1008 2472 1063 ρ
2536 983 2795 1069 ideoque

736 1121 909 1184 saepe
954 1120 1065 1184 pro
1111 1122 1141 1179 ρ
1189 1097 1467 1163 habitum
1515 1121 1564 1163 e.
1593 1121 1644 1164 c.
1695 1083 1850 1176 2’59‘?
1875 1131 1958 1156 =
1986 1100 2194 1178 ἤγουν.

824 1244 900 1283 ων
929 1238 1124 1285 =A
1169 1218 1262 1283 vel
1295 1244 1373 1280 rx
1416 1224 1478 1283 et
1524 1240 1662 1283 cum
1711 1226 1994 1285 accentu:
2055 1229 2124 1302 φ(
2182 1243 2234 1286 e.
2264 1242 2317 1286 c.
2367 1221 2794 1302 ἄνθρώπΛΞ

733 1339 1089 1418 ἀνθρώπων,
1139 1317 1354 1419 πικρὴ<
1386 1370 1468 1394 =
1496 1339 1725 1419 παρών.

827 1483 904 1530 ως
933 1490 1014 1514 =
1047 1489 1125 1523 w
1156 1458 1253 1524 vel
1282 1458 1335 1522 si
1357 1458 1423 1522 in
1442 1458 1668 1523 lineam
1692 1458 2047 1523 immittitur
2095 1465 2141 1532 ἦ
2190 1483 2243 1527 e.
2269 1483 2323 1526 c.
2362 1446 2680 1539 Reno-125⁸*
2712 1493 2796 1520 =

737 1577 1052 1655 βασιλέως
1071 1630 1087 1659 ,
1131 1577 1158 1605 ‘¹
1186 1583 1234 1654 ἦ
1255 1603 1324 1642 τε
1352 1609 1433 1634 =
1460 1575 1640 1642 ὥστε.

826 1698 1022 1764 Valde
1078 1698 1310 1764 salubre
1367 1705 1427 1764 et
1490 1699 1856 1786 frugiferum
1917 1707 2009 1765 est
2066 1702 2212 1767 haec
2275 1704 2478 1768 omnia
2554 1711 2616 1769 et
2683 1704 2798 1771 alia

738 1819 1029 1884 nonnulla
1052 1870 1067 1898 ,
1141 1841 1295 1904 quae
1352 1820 1512 1906 typis
1572 1821 2005 1907 repraesentari
2067 1845 2190 1886 non
2252 1830 2512 1909 possunt
2575 1827 2658 1910 ¹),
2724 1849 2798 1891 ex

738 1939 887 2026 ipsis
944 1939 1115 2004 libris
1169 1939 1494 2026 diligenter
1552 1939 1930 2020 observasse,
1977 1940 2470 2028 singularumque
2516 1951 2799 2010 notarum

739 2065 930 2126 certas
1000 2059 1300 2146 imagines
1370 2061 1570 2124 animo
1637 2061 1894 2125 firmiter
1952 2062 2170 2126 infixas
2228 2067 2453 2154 tenere.
2556 2066 2677 2131 Sed
2746 2065 2799 2129 is

739 2179 982 2243 demum
1042 2179 1193 2244 clare
1255 2179 1585 2260 discernet,
1659 2184 1769 2264 qui
1829 2180 2019 2266 probe
2086 2181 2329 2266 cognita
2389 2181 2568 2248 habet
2612 2182 2798 2248 Grae-

740 2297 945 2363 citatis
982 2304 1263 2363 naturam
1305 2304 1364 2362 et
1411 2321 1611 2363 usum.
1706 2298 1903 2364 Rudis
1950 2299 2113 2363 enim
2159 2305 2220 2364 et
2259 2300 2578 2387 imperitus
2618 2302 2798 2366 homo

739 2417 806 2481 in
867 2415 1297 2503 compendiosa
1351 2417 1649 2504 scriptura
1712 2418 1803 2483 vel
1864 2418 2380 2484 exercitatissimis
2433 2421 2623 2486 oeulis
2670 2443 2800 2487 cae·

745 2536 934 2602 cutiet
948 2563 967 2616 3
1038 2535 1269 2602 Graece
1346 2536 1590 2618 doctus,
1662 2536 1807 2602 lieet
1866 2537 1931 2601 in
1995 2538 2204 2623 aliquo
2248 2538 2403 2605 libro
2451 2540 2808 2628 compendia

747 2657 994 2721 omnino
1048 2657 1467 2736 evanuissent,
1527 2657 1778 2721 lacunas
1825 2664 2060 2739 tamen,
2118 2664 2188 2723 ut
2234 2659 2298 2724 in
2344 2659 2551 2746 lingua
2596 2683 2806 2726 verna-

746 2775 912 2855 cula,
964 2775 1125 2840 haud
1172 2775 1491 2840 difficulter
1539 2776 1614 2839 de
1660 2797 1773 2839 suo
1823 2777 2152 2863 suppleret.

835 2893 1098 2959 Transeo
1143 2894 1221 2960 ad
1267 2895 1617 2960 usitatiores
1668 2896 2020 2980 particulas.

836 3014 1199 3101 Saepissime
1261 3014 1724 3080 confunduntur
1781 3016 1854 3090 ἢ,
1907 3017 2077 3096 καὶ,
2128 3003 2243 3087 ὥς.
2351 3018 2536 3098 Quod
2595 3024 2812 3103 sponte

748 3135 1026 3219 sequitur
1072 3156 1147 3199 ex
1206 3134 1282 3198 iis
1341 3156 1493 3219 quae
1541 3135 1806 3200 diximus
1867 3136 1940 3200 de
2002 3136 2375 3222 compendiis
2437 3161 2512 3201 οιι
2579 3145 2641 3202 et
2697 3162 2809 3209 ως.

748 3254 849 3319 Sic
909 3253 1107 3319 Schol.
1172 3254 1238 3318 in
1284 3252 1402 3318 Od.
1455 3264 1496 3320 Ξ
1551 3276 1605 3320 v.
1656 3257 1784 3336 230
1835 3255 2092 3320 solemni
2139 3278 2335 3320 errore
2384 3257 2619 3324 editur:
2669 3259 2809 3322 καὶ

752 3375 1123 3447 Θουκυδίδης
1177 3374 1378 3454 §Duo->3
1432 3381 1501 3438 tu
1547 3375 1684 3460 lege
1730 3375 1818 3445 ὥς
1870 3383 1947 3438 Θ.
1997 3378 2075 3456 φ.

845 3494 920 3558 In
977 3492 1205 3558 Athen.
1251 3492 1392 3559 Lib.
1442 3492 1641 3573 XIII,
1692 3518 1751 3580 p.
1798 3496 1921 3558 592
1964 3495 2009 3559 f.
2081 3494 2199 3558 iam
2243 3517 2425 3581 supra
2469 3496 2818 3561 monuimus

755 3615 828 3679 de
898 3613 1310 3698 dittographia
1384 3611 1567 3697 (Vide
1634 3612 1781 3698 Cap.
1845 3612 1902 3698 I)
1975 3613 2051 3677 ab
2113 3612 2447 3678 editoribus
2507 3638 2631 3679 non
2691 3616 2817 3679 ani-

758 3733 1089 3798 madversa.

834 4114 873 4183 ¹)
930 4110 992 4167 E.
1013 4129 1058 4168 e.
1083 4107 1393 4182 compendia
1413 4126 1602 4164 vocum
1628 4108 1941 4164 exeuntium
1966 4108 2024 4163 in
2050 4128 2277 4172 -τητος,
2300 4129 2487 4171 -τητι,
2510 4129 2696 4170 -τητει
2723 4111 2827 4168 etc.

761 4206 993 4284 (ταις-ος)
1036 4210 1252 4273 -τικός,
1297 4205 1537 4276 -τῆριῡν,
1581 4204 1704 4262 alia.
