3320 5169
1598 488 1681 550 39

605 698 885 784 Ulyssem
929 698 1327 765 dormientem
1373 701 1439 764 in
1483 699 1741 786 patriam
1788 700 2156 768 reduxerint.
2201 700 2653 788 Respondeturz

605 816 745 890 τοὺς
787 815 1203 900 ἀφικομένους
1236 818 1699 884 ἀποστέλλουσι
1731 819 2023 901 τάχιστοι
2060 820 2164 885 καὶ
2208 820 2652 900 κοιμωμένους,

604 935 705 1002 ἵνοο
753 939 843 1015 μὴ
891 937 1004 1012 τὴν
1050 937 1178 1002 ὁδὸν
1226 937 1493 1016 μάθωσι.
1546 939 1631 1005 διὸ
1682 939 1786 1004 καὶ
1833 943 2208 1020 κοιμώμενον
2254 940 2657 1007 ἀποτίθενται

604 1055 706 1122 τὸν
740 1057 1056 1123 Ὀδυσσέα
1104 1058 1205 1123 διὰ
1251 1060 1320 1123 τὸ
1368 1061 1457 1137 μὴ
1513 1059 1662 1126 ἰδεῖν
1714 1061 1799 1133 εἷς
1862 1069 2031 1127 ποῖον
2082 1058 2221 1124 καὶ
2280 1057 2456 1138 ἅμα
2503 1061 2661 1125 οἶνοι-

603 1177 917 1242 πλέουσιν.
1015 1178 1134 1243 Pro
1199 1181 1285 1252 εἷς
1350 1187 1520 1243 ποῖον
1584 1180 1690 1245 xx>
1740 1178 1884 1258 ἅμα
1947 1203 1982 1245 a
2042 1181 2359 1246 Dindor‘fio
2419 1186 2661 1267 recepta

603 1304 694 1362 est
738 1297 895 1363 levis
943 1299 1422 1365 correctiuncula
1466 1300 1733 1368 Struvii:
1804 1301 1889 1372 εἷς
1952 1309 2121 1366 ποῖον
2185 1300 2414 1380 λιμένα
2475 1322 2660 1387 quam

601 1424 813 1483 neuter
856 1418 1072 1483 horum
1131 1441 1195 1485 re
1241 1419 1392 1484 bene
1423 1443 1717 1507 perpensa
1768 1443 1907 1485 cum
1954 1419 2103 1484 viris
2149 1420 2343 1485 doctis
2390 1442 2657 1485 commu-

601 1538 882 1604 nicasset.
975 1538 1162 1603 Recte
1207 1538 1436 1605 Polakt
1489 1539 1606 1619 'sIn
1651 1540 1767 1604 hoc
1812 1545 2014 1604 tamen
2068 1544 2338 1603 monstro
2381 1538 2661 1604 lectionis

603 1656 732 1743 (καὶ
785 1654 954 1742 ἅμα)
1003 1656 1151 1723 latet
1195 1657 1511 1723 verissima
1556 1659 1740 1723 lectio
1785 1659 1965 1724 haecz
2016 1659 2101 1730 εἰς
2159 1666 2329 1724 ποῖον
2385 1666 2660 1736 κλῖμοο

599 1775 1087 1843 οὲνοιπλέουσιν”.
1181 1777 1306 1842 Ubi
1353 1778 1513 1842 enim
1560 1789 1663 1842 κλι
1713 1777 1869 1843 abiit
1913 1777 1978 1842 in
2025 1800 2130 1842 κοιι
2169 1800 2292 1842 una
2335 1776 2513 1843 litera
2555 1777 2661 1843 ad·

600 1897 730 1963 dita
775 1904 868 1962 est
914 1903 983 1962 ut
1030 1897 1214 1964 verba
1258 1898 1413 1964 bene
1458 1897 1689 1963 Graeca
1734 1896 1946 1963 saltem
1994 1897 2247 1962 exirent.

687 2017 845 2083 Utar
904 2017 1207 2104 praesenti
1276 2018 1592 2082 occasione
1662 2024 1734 2083 ut
1794 2040 1868 2082 ex
1923 2016 2345 2081 Valckenaerii
2407 2016 2661 2082 Schedis

600 2137 829 2203 criticis
876 2137 1057 2202 MSS.
1116 2137 1182 2202 in
1237 2137 1432 2203 lucem
1490 2138 1834 2224 protraham
1897 2135 2379 2201 emendationem
2424 2135 2487 2200 in
2537 2136 2657 2202 Eu·

596 2255 812 2343 ripidis
873 2256 1077 2343 Iphig.
1135 2257 1344 2322 Aulid.
1402 2258 1675 2323 nondum
1736 2257 1983 2323 editam.
2075 2258 2186 2322 Est
2244 2260 2411 2339 ῥῆσις
2470 2257 2661 2323 notis·

599 2377 752 2439 sima
815 2381 877 2438 et
934 2398 1120 2461 prope
1165 2376 1512 2457 decantata,
1569 2399 1754 2462 quam
1808 2377 1986 2443 multi
2035 2383 2244 2442 tenent
2281 2377 2653 2458 memoriter,

600 2493 707 2559 ubi
769 2496 1187 2581 Agamemnon
1253 2496 1463 2561 laudat
1529 2497 1803 2562 fortunas
1880 2519 2089 2562 eorum
2109 2547 2126 2577 ‚
2210 2498 2317 2581 qui
2400 2496 2656 2562 obscuro

599 2614 736 2680 loco
784 2615 913 2680 nati
958 2621 1102 2679 sunt
1150 2617 1232 2701 (v.
1281 2620 1408 2681 446
1461 2618 1678 2702 seqq.).

958 2788 990 2859 ἦ
1040 2785 1370 2862 δυσγένειαι
1416 2785 1471 2850 δ’
1505 2788 1580 2857 ὡς
1630 2783 1766 2865 ἔχει
1815 2811 1874 2850 τι
1920 2785 2250 2866 χρήσιμον.

957 2905 1060 2970 ma}
1112 2905 1236 2986 γὰρ
1287 2906 1587 2986 δακρῦσαι
1636 2906 1849 2989 ῥᾳδίως
1900 2909 2110 2978 αὐτοῖς
2162 2904 2298 2986 ἔχει

953 3025 1202 3101 ἄνολβοέ
1250 3027 1309 3089 τ’
1347 3027 1563 3090 εἰπεῖν.
1616 3029 1701 3106 τῷ
1753 3026 1813 3090 δὲ
1862 3026 2123 3106 γενναίῳ
2171 3026 2363 3106 φύσιν

973 3144 1001 3167 ΡΙ

960 3170 1307 3211 απαντοο
1356 3150 1649 3210 τοοῦτοο.

685 3327 914 3392 Incerti
983 3327 1310 3391 haerebant
1378 3325 1522 3389 olim
1591 3325 1708 3388 viri
1776 3324 1939 3388 docti
2010 3327 2076 3388 in
2139 3324 2373 3388 ultimis
2433 3323 2647 3389 verbiS.

595 3448 858 3511 Tandem
923 3445 1274 3532 Musgravio
1333 3445 1645 3531 probabile
1690 3444 1889 3508 visum
1937 3442 2225 3508 vocabula
2280 3443 2530 3521 ἄνολβοι
2595 3450 2656 3508 et

596 3566 860 3632 ἅπαντα
908 3566 1349 3653 transponenda
1395 3588 1553 3645 esse,
1594 3587 1771 3650 quem
1820 3585 1984 3628 nunc
2038 3586 2245 3629 omnes
2292 3571 2651 3649 sequuntur.

598 3688 843 3772 Quanto
890 3687 1108 3752 melius
1154 3685 1690 3758 Valckenaeriusz,

910 3861 993 3940 τῷ
1043 3859 1106 3924 δὲ
1154 3858 1413 3940 γενναίῳ
1463 3857 1655 3939 φύσιν
1692 3854 1711 3937 ΙΙ
1743 3855 2006 3922 ἅπαντα
2055 3856 2349 3932 τλητοὶ.

688 4040 815 4120 Qui
878 4038 1119 4104 dicendi
1180 4060 1324 4102 usus
1381 4037 1794 4123 compluribus
1857 4035 2145 4122 exemplis
2200 4035 2539 4100 illustratur
2582 4033 2657 4099 ab

600 4157 812 4246 eodem
857 4158 924 4222 in
969 4160 1229 4222 Annott.
1277 4157 1343 4221 in
1388 4156 1535 4222 Eur.
1583 4156 2016 4241 Hippolytum,
2066 4175 2202 4239 pag.
2253 4155 2401 4218 257.
