<?xml version="1.0" encoding="UTF-8"?>
<!DOCTYPE html PUBLIC "-//W3C//DTD XHTML 1.0 Transitional//EN"
    "http://www.w3.org/TR/xhtml1/DTD/xhtml1-transitional.dtd">
<html xmlns="http://www.w3.org/1999/xhtml" xml:lang="en" lang="en">
 <head>
  <title>
</title>
<meta http-equiv="Content-Type" content="text/html;charset=utf-8" />
  <meta name='ocr-system' content='tesseract 3.04.00' />
  <meta name='ocr-capabilities' content='ocr_page ocr_carea ocr_par ocr_line ocrx_word'/>
</head>
<body>
  <div class='ocr_page' id='page_1' title='image "./studiapalaeogra00vollgoog_0069.png"; bbox 0 0 3320 5169; ppageno 0'>
   <div class='ocr_carea' id='block_1_1' title="bbox 1577 539 1655 604">
    <p class='ocr_par' dir='ltr' id='par_1_1' title="bbox 1577 539 1655 604">
     <span class='ocr_line' id='line_1_1' title="bbox 1577 539 1655 604; baseline 0 0"><span class='ocrx_word' id='word_1_1' title='bbox 1577 539 1655 604; x_wconf 83' lang='lat'><strong>57</strong></span> 
     </span>
    </p>
   </div>
   <div class='ocr_carea' id='block_1_2' title="bbox 597 752 2663 2746">
    <p class='ocr_par' dir='ltr' id='par_1_2' title="bbox 597 752 2657 1558">
     <span class='ocr_line' id='line_1_2' title="bbox 685 752 2652 842; baseline 0.001 -23"><span class='ocrx_word' id='word_1_2' title='bbox 685 755 959 819; x_wconf 80' lang='lat' dir='ltr'><strong>Evanuit</strong></span> <span class='ocrx_word' id='word_1_3' title='bbox 1009 774 1468 839; x_wconf 83' lang='lat' dir='ltr'><strong>nonnumquam</strong></span> <span class='ocrx_word' id='word_1_4' title='bbox 1510 754 1678 841; x_wconf 91' lang='lat' dir='ltr'><strong>prior</strong></span> <span class='ocrx_word' id='word_1_5' title='bbox 1713 775 1849 840; x_wconf 86' lang='lat' dir='ltr'><strong>pars</strong></span> <span class='ocrx_word' id='word_1_6' title='bbox 1897 752 2107 818; x_wconf 76' lang='lat' dir='ltr'><strong>literae</strong></span> <span class='ocrx_word' id='word_1_7' title='bbox 2152 758 2225 819; x_wconf 78' lang='lat' dir='ltr'><strong>ut</strong></span> <span class='ocrx_word' id='word_1_8' title='bbox 2286 752 2470 819; x_wconf 82' lang='lat' dir='ltr'><strong>altera</strong></span> <span class='ocrx_word' id='word_1_9' title='bbox 2515 779 2652 842; x_wconf 86' lang='lat' dir='ltr'><strong>pars</strong></span> 
     </span>
     <span class='ocr_line' id='line_1_3' title="bbox 597 874 2651 962; baseline -0.001 -19"><span class='ocrx_word' id='word_1_10' title='bbox 597 876 861 943; x_wconf 79' lang='lat' dir='ltr'><strong>rotunda</strong></span> <span class='ocrx_word' id='word_1_11' title='bbox 906 907 988 932; x_wconf 87' lang='grc'><strong>---</strong></span> <span class='ocrx_word' id='word_1_12' title='bbox 1018 885 1071 938; x_wconf 94' lang='grc' dir='ltr'><strong>Σ</strong></span> <span class='ocrx_word' id='word_1_13' title='bbox 1120 880 1358 940; x_wconf 79' lang='lat' dir='ltr'><strong>tantum</strong></span> <span class='ocrx_word' id='word_1_14' title='bbox 1397 875 1678 962; x_wconf 77' lang='lat' dir='ltr'><strong>supersit.</strong></span> <span class='ocrx_word' id='word_1_15' title='bbox 1747 874 2067 960; x_wconf 90' lang='lat' dir='ltr'><strong>Perperam</strong></span> <span class='ocrx_word' id='word_1_16' title='bbox 2115 896 2168 940; x_wconf 93' lang='lat' dir='ltr'><strong>e.</strong></span> <span class='ocrx_word' id='word_1_17' title='bbox 2194 898 2254 962; x_wconf 88' lang='lat' dir='ltr'><strong>g.</strong></span> <span class='ocrx_word' id='word_1_18' title='bbox 2302 876 2651 952; x_wconf 79' lang='grc' dir='ltr'><strong>καταστή-</strong></span> 
     </span>
     <span class='ocr_line' id='line_1_4' title="bbox 600 993 2655 1082; baseline 0 -22"><span class='ocrx_word' id='word_1_19' title='bbox 600 997 827 1060; x_wconf 82' lang='grc' dir='ltr'><strong><em>σασθαι</em></strong></span> <span class='ocrx_word' id='word_1_20' title='bbox 891 1018 1000 1082; x_wconf 87' lang='lat' dir='ltr'><strong>pro</strong></span> <span class='ocrx_word' id='word_1_21' title='bbox 1063 994 1617 1069; x_wconf 71' lang='grc' dir='ltr'><strong><em>κατακτήσασθαι</em></strong></span> <span class='ocrx_word' id='word_1_22' title='bbox 1680 994 1974 1080; x_wconf 75' lang='lat' dir='ltr'><strong>scriptum</strong></span> <span class='ocrx_word' id='word_1_23' title='bbox 2034 1015 2160 1059; x_wconf 90' lang='lat' dir='ltr'><strong>esse</strong></span> <span class='ocrx_word' id='word_1_24' title='bbox 2229 994 2294 1059; x_wconf 92' lang='lat' dir='ltr'><strong>in</strong></span> <span class='ocrx_word' id='word_1_25' title='bbox 2367 993 2655 1061; x_wconf 77' lang='lat' dir='ltr'><strong>Isocratis</strong></span> 
     </span>
     <span class='ocr_line' id='line_1_5' title="bbox 598 1112 2655 1202; baseline 0 -22"><span class='ocrx_word' id='word_1_26' title='bbox 598 1114 972 1202; x_wconf 82' lang='lat' dir='ltr'><strong>Panegyrico</strong></span> <span class='ocrx_word' id='word_1_27' title='bbox 1031 1117 1066 1201; x_wconf 58' lang='grc' dir='ltr'>ᾧ</span> <span class='ocrx_word' id='word_1_28' title='bbox 1121 1117 1242 1179; x_wconf 84' lang='grc'><strong>182</strong></span> <span class='ocrx_word' id='word_1_29' title='bbox 1313 1114 1516 1201; x_wconf 75' lang='lat' dir='ltr'><strong>arguit</strong></span> <span class='ocrx_word' id='word_1_30' title='bbox 1569 1113 1835 1200; x_wconf 78' lang='lat' dir='ltr'><strong>optimus</strong></span> <span class='ocrx_word' id='word_1_31' title='bbox 1889 1112 2079 1178; x_wconf 80' lang='lat' dir='ltr'><strong>codex</strong></span> <span class='ocrx_word' id='word_1_32' title='bbox 2136 1112 2401 1179; x_wconf 83' lang='lat' dir='ltr'><strong>Urbinas</strong></span> <span class='ocrx_word' id='word_1_33' title='bbox 2471 1121 2655 1200; x_wconf 81' lang='lat' dir='ltr'><strong>atque</strong></span> 
     </span>
     <span class='ocr_line' id='line_1_6' title="bbox 600 1232 2657 1323; baseline 0.001 -24"><span class='ocrx_word' id='word_1_34' title='bbox 600 1234 797 1299; x_wconf 87' lang='lat' dir='ltr'><strong>simile</strong></span> <span class='ocrx_word' id='word_1_35' title='bbox 853 1234 1077 1299; x_wconf 78' lang='lat' dir='ltr'><strong>vitium</strong></span> <span class='ocrx_word' id='word_1_36' title='bbox 1124 1234 1423 1298; x_wconf 78' lang='lat' dir='ltr'><strong>contraxit</strong></span> <span class='ocrx_word' id='word_1_37' title='bbox 1468 1255 1689 1298; x_wconf 89' lang='lat' dir='ltr'><strong>nomen</strong></span> <span class='ocrx_word' id='word_1_38' title='bbox 1733 1232 2044 1319; x_wconf 86' lang='lat' dir='ltr'><strong>proprium</strong></span> <span class='ocrx_word' id='word_1_39' title='bbox 2091 1242 2448 1309; x_wconf 79' lang='grc' dir='ltr'><em>Κτησικλῆς</em></span> <span class='ocrx_word' id='word_1_40' title='bbox 2495 1237 2657 1323; x_wconf 90' lang='lat' dir='ltr'><strong>apud</strong></span> 
     </span>
     <span class='ocr_line' id='line_1_7' title="bbox 601 1340 2654 1440; baseline 0 -20"><span class='ocrx_word' id='word_1_41' title='bbox 601 1355 1070 1440; x_wconf 84' lang='lat' dir='ltr'><strong>Xenophontem</strong></span> <span class='ocrx_word' id='word_1_42' title='bbox 1124 1354 1189 1417; x_wconf 85' lang='lat' dir='ltr'><strong>in</strong></span> <span class='ocrx_word' id='word_1_43' title='bbox 1247 1340 1413 1418; x_wconf 86' lang='lat' dir='ltr'><strong>Hell.</strong></span> <span class='ocrx_word' id='word_1_44' title='bbox 1462 1352 1584 1434; x_wconf 87' lang='lat' dir='ltr'><strong>VI,</strong></span> <span class='ocrx_word' id='word_1_45' title='bbox 1635 1356 1709 1432; x_wconf 89' lang='grc'><strong>2,</strong></span> <span class='ocrx_word' id='word_1_46' title='bbox 1765 1355 1843 1416; x_wconf 88' lang='grc'><strong>10</strong></span> <span class='ocrx_word' id='word_1_47' title='bbox 1915 1354 2076 1438; x_wconf 90' lang='lat' dir='ltr'><strong>quod</strong></span> <span class='ocrx_word' id='word_1_48' title='bbox 2146 1354 2303 1420; x_wconf 88' lang='lat' dir='ltr'><strong>male</strong></span> <span class='ocrx_word' id='word_1_49' title='bbox 2371 1355 2522 1420; x_wconf 78' lang='lat' dir='ltr'><strong>abiit</strong></span> <span class='ocrx_word' id='word_1_50' title='bbox 2588 1355 2654 1420; x_wconf 91' lang='lat' dir='ltr'><strong>in</strong></span> 
     </span>
     <span class='ocr_line' id='line_1_8' title="bbox 604 1472 2064 1558; baseline 0.003 -23"><span class='ocrx_word' id='word_1_51' title='bbox 604 1479 963 1547; x_wconf 74' lang='grc' dir='ltr'><em>Στησικλῆς</em></span> <span class='ocrx_word' id='word_1_52' title='bbox 1015 1473 1118 1557; x_wconf 85' lang='lat' dir='ltr'><strong>(cf.</strong></span> <span class='ocrx_word' id='word_1_53' title='bbox 1166 1472 1317 1537; x_wconf 88' lang='lat' dir='ltr'><strong>Cob.</strong></span> <span class='ocrx_word' id='word_1_54' title='bbox 1369 1473 1509 1537; x_wconf 88' lang='lat' dir='ltr'><strong>Var.</strong></span> <span class='ocrx_word' id='word_1_55' title='bbox 1557 1472 1729 1537; x_wconf 75' lang='lat' dir='ltr'><strong>Lect.</strong></span> <span class='ocrx_word' id='word_1_56' title='bbox 1776 1495 1836 1558; x_wconf 90' lang='lat' dir='ltr'><strong>p.</strong></span> <span class='ocrx_word' id='word_1_57' title='bbox 1892 1475 2064 1558; x_wconf 87' lang='grc'>125).</span> 
     </span>
    </p>

    <p class='ocr_par' dir='ltr' id='par_1_3' title="bbox 605 1590 2657 1796">
     <span class='ocr_line' id='line_1_9' title="bbox 690 1590 2657 1668; baseline 0.002 -12"><span class='ocrx_word' id='word_1_58' title='bbox 690 1590 1164 1656; x_wconf 80' lang='lat' dir='ltr'><strong>Confunduntur</strong></span> <span class='ocrx_word' id='word_1_59' title='bbox 1216 1591 1374 1656; x_wconf 77' lang='lat' dir='ltr'><strong>inter</strong></span> <span class='ocrx_word' id='word_1_60' title='bbox 1433 1614 1494 1655; x_wconf 91' lang='lat' dir='ltr'><strong>se</strong></span> <span class='ocrx_word' id='word_1_61' title='bbox 1556 1599 1629 1663; x_wconf 92' lang='grc' dir='ltr'><strong>Φ,</strong></span> <span class='ocrx_word' id='word_1_62' title='bbox 1688 1598 1770 1662; x_wconf 90' lang='grc' dir='ltr'><strong>Τ,</strong></span> <span class='ocrx_word' id='word_1_63' title='bbox 1837 1600 1924 1668; x_wconf 89' lang='grc' dir='ltr'><strong>Χ,</strong></span> <span class='ocrx_word' id='word_1_64' title='bbox 1973 1600 2056 1656; x_wconf 82' lang='grc' dir='ltr'><strong>Ψ.</strong></span> <span class='ocrx_word' id='word_1_65' title='bbox 2150 1592 2356 1658; x_wconf 84' lang='lat' dir='ltr'><strong>Litera</strong></span> <span class='ocrx_word' id='word_1_66' title='bbox 2404 1602 2453 1657; x_wconf 92' lang='grc' dir='ltr'><strong>Φ</strong></span> <span class='ocrx_word' id='word_1_67' title='bbox 2502 1594 2657 1660; x_wconf 82' lang='lat' dir='ltr'><strong>anti·</strong></span> 
     </span>
     <span class='ocr_line' id='line_1_10' title="bbox 605 1704 2004 1796; baseline 0.002 -21"><span class='ocrx_word' id='word_1_68' title='bbox 605 1711 814 1796; x_wconf 74' lang='lat' dir='ltr'><strong>quitus</strong></span> <span class='ocrx_word' id='word_1_69' title='bbox 860 1712 926 1775; x_wconf 92' lang='lat' dir='ltr'><strong>in</strong></span> <span class='ocrx_word' id='word_1_70' title='bbox 970 1711 1134 1775; x_wconf 91' lang='lat' dir='ltr'><strong>hunc</strong></span> <span class='ocrx_word' id='word_1_71' title='bbox 1182 1711 1431 1775; x_wconf 92' lang='lat' dir='ltr'><strong>modum</strong></span> <span class='ocrx_word' id='word_1_72' title='bbox 1477 1704 1837 1776; x_wconf 75' lang='lat' dir='ltr'><strong>exarabant:</strong></span> <span class='ocrx_word' id='word_1_73' title='bbox 1890 1714 2004 1795; x_wconf 86' lang='grc' dir='ltr'><strong>-Ι-.</strong></span> 
     </span>
    </p>

    <p class='ocr_par' dir='ltr' id='par_1_4' title="bbox 604 1831 2661 2394">
     <span class='ocr_line' id='line_1_11' title="bbox 693 1831 2658 1917; baseline 0.001 -22"><span class='ocrx_word' id='word_1_74' title='bbox 693 1831 878 1895; x_wconf 88' lang='lat' dir='ltr'><strong>Haud</strong></span> <span class='ocrx_word' id='word_1_75' title='bbox 925 1831 1168 1896; x_wconf 86' lang='lat' dir='ltr'><strong>difficile</strong></span> <span class='ocrx_word' id='word_1_76' title='bbox 1214 1836 1306 1896; x_wconf 80' lang='lat' dir='ltr'><strong>est</strong></span> <span class='ocrx_word' id='word_1_77' title='bbox 1366 1831 1683 1896; x_wconf 75' lang='lat' dir='ltr'><strong>intellectu</strong></span> <span class='ocrx_word' id='word_1_78' title='bbox 1737 1831 1957 1917; x_wconf 90' lang='lat' dir='ltr'><strong>quibus</strong></span> <span class='ocrx_word' id='word_1_79' title='bbox 2012 1831 2399 1917; x_wconf 78' lang='lat' dir='ltr'><strong>potissimum</strong></span> <span class='ocrx_word' id='word_1_80' title='bbox 2446 1832 2658 1897; x_wconf 88' lang='lat' dir='ltr'><strong>errori-</strong></span> 
     </span>
     <span class='ocr_line' id='line_1_12' title="bbox 604 1928 2659 2036; baseline 0 -21"><span class='ocrx_word' id='word_1_81' title='bbox 604 1948 719 2015; x_wconf 87' lang='lat' dir='ltr'><strong>bus</strong></span> <span class='ocrx_word' id='word_1_82' title='bbox 773 1956 948 2015; x_wconf 79' lang='lat' dir='ltr'><strong>vetus</strong></span> <span class='ocrx_word' id='word_1_83' title='bbox 1017 1951 1163 2015; x_wconf 89' lang='lat' dir='ltr'><strong>haec</strong></span> <span class='ocrx_word' id='word_1_84' title='bbox 1219 1950 1518 2015; x_wconf 87' lang='lat' dir='ltr'><strong>scribendi</strong></span> <span class='ocrx_word' id='word_1_85' title='bbox 1584 1949 1777 2015; x_wconf 86' lang='lat' dir='ltr'><strong>forma</strong></span> <span class='ocrx_word' id='word_1_86' title='bbox 1843 1928 2049 2016; x_wconf 87' lang='lat' dir='ltr'><strong>ansam</strong></span> <span class='ocrx_word' id='word_1_87' title='bbox 2112 1951 2373 2030; x_wconf 71' lang='lat' dir='ltr'><strong>dederit,</strong></span> <span class='ocrx_word' id='word_1_88' title='bbox 2443 1973 2659 2036; x_wconf 87' lang='lat' dir='ltr'><strong>nempe</strong></span> 
     </span>
     <span class='ocr_line' id='line_1_13' title="bbox 606 2071 2660 2137; baseline 0 -3"><span class='ocrx_word' id='word_1_89' title='bbox 606 2071 1184 2135; x_wconf 80' lang='lat' dir='ltr'><strong>commutationibus</strong></span> <span class='ocrx_word' id='word_1_90' title='bbox 1231 2094 1369 2135; x_wconf 91' lang='lat' dir='ltr'><strong>oum</strong></span> <span class='ocrx_word' id='word_1_91' title='bbox 1418 2079 1477 2134; x_wconf 93' lang='lat' dir='ltr'><strong>T</strong></span> <span class='ocrx_word' id='word_1_92' title='bbox 1528 2077 1588 2135; x_wconf 80' lang='lat' dir='ltr'><strong>et</strong></span> <span class='ocrx_word' id='word_1_93' title='bbox 1636 2080 1711 2137; x_wconf 90' lang='lat' dir='ltr'><strong>X.</strong></span> <span class='ocrx_word' id='word_1_94' title='bbox 1803 2071 2143 2136; x_wconf 78' lang='lat' dir='ltr'><strong>Literarum</strong></span> <span class='ocrx_word' id='word_1_95' title='bbox 2209 2080 2258 2135; x_wconf 92' lang='grc' dir='ltr'><strong>Φ</strong></span> <span class='ocrx_word' id='word_1_96' title='bbox 2308 2078 2369 2136; x_wconf 79' lang='lat' dir='ltr'><strong>et</strong></span> <span class='ocrx_word' id='word_1_97' title='bbox 2414 2079 2472 2133; x_wconf 93' lang='lat' dir='ltr'><strong>T</strong></span> <span class='ocrx_word' id='word_1_98' title='bbox 2521 2093 2660 2135; x_wconf 93' lang='lat' dir='ltr'><strong>cum</strong></span> 
     </span>
     <span class='ocr_line' id='line_1_14' title="bbox 608 2190 2661 2275; baseline 0.001 -24"><span class='ocrx_word' id='word_1_99' title='bbox 608 2197 698 2269; x_wconf 39' lang='grc' dir='ltr'><strong>Ψ,</strong></span> <span class='ocrx_word' id='word_1_100' title='bbox 730 2190 1005 2255; x_wconf 85' lang='lat' dir='ltr'><strong>confusio</strong></span> <span class='ocrx_word' id='word_1_101' title='bbox 1075 2196 1274 2254; x_wconf 78' lang='lat' dir='ltr'><strong>autem</strong></span> <span class='ocrx_word' id='word_1_102' title='bbox 1347 2190 1410 2254; x_wconf 93' lang='lat' dir='ltr'><strong>in</strong></span> <span class='ocrx_word' id='word_1_103' title='bbox 1473 2190 1756 2255; x_wconf 89' lang='lat' dir='ltr'><strong>omnibus</strong></span> <span class='ocrx_word' id='word_1_104' title='bbox 1822 2190 1994 2255; x_wconf 90' lang='lat' dir='ltr'><strong>libris</strong></span> <span class='ocrx_word' id='word_1_105' title='bbox 2061 2191 2363 2275; x_wconf 79' lang='lat' dir='ltr'><strong>frequens,</strong></span> <span class='ocrx_word' id='word_1_106' title='bbox 2455 2192 2661 2255; x_wconf 88' lang='lat' dir='ltr'><strong>Pauca</strong></span> 
     </span>
     <span class='ocr_line' id='line_1_15' title="bbox 608 2308 1831 2394; baseline 0.002 -22"><span class='ocrx_word' id='word_1_107' title='bbox 608 2308 878 2394; x_wconf 85' lang='lat' dir='ltr'><strong>exempla</strong></span> <span class='ocrx_word' id='word_1_108' title='bbox 923 2309 986 2372; x_wconf 92' lang='lat' dir='ltr'><strong>in</strong></span> <span class='ocrx_word' id='word_1_109' title='bbox 1032 2330 1095 2374; x_wconf 89' lang='lat' dir='ltr'><strong>re</strong></span> <span class='ocrx_word' id='word_1_110' title='bbox 1140 2309 1458 2374; x_wconf 80' lang='lat' dir='ltr'><strong>notissima</strong></span> <span class='ocrx_word' id='word_1_111' title='bbox 1505 2310 1831 2375; x_wconf 75' lang='lat' dir='ltr'><strong>sufficiunt.</strong></span> 
     </span>
    </p>

    <p class='ocr_par' dir='ltr' id='par_1_5' title="bbox 609 2426 2663 2746">
     <span class='ocr_line' id='line_1_16' title="bbox 698 2426 2663 2514; baseline 0.002 -24"><span class='ocrx_word' id='word_1_112' title='bbox 698 2435 757 2490; x_wconf 93' lang='lat' dir='ltr'><strong>T</strong></span> <span class='ocrx_word' id='word_1_113' title='bbox 818 2426 968 2491; x_wconf 85' lang='lat' dir='ltr'><strong>male</strong></span> <span class='ocrx_word' id='word_1_114' title='bbox 1034 2428 1257 2491; x_wconf 80' lang='lat' dir='ltr'><strong>lectum</strong></span> <span class='ocrx_word' id='word_1_115' title='bbox 1329 2429 1490 2514; x_wconf 88' lang='lat' dir='ltr'><strong>apud</strong></span> <span class='ocrx_word' id='word_1_116' title='bbox 1550 2428 1900 2514; x_wconf 89' lang='lat' dir='ltr'><strong>Euripidem</strong></span> <span class='ocrx_word' id='word_1_117' title='bbox 1975 2429 2214 2513; x_wconf 78' lang='lat' dir='ltr'><strong>(Troad.</strong></span> <span class='ocrx_word' id='word_1_118' title='bbox 2265 2452 2322 2495; x_wconf 91' lang='lat' dir='ltr'><strong>v.</strong></span> <span class='ocrx_word' id='word_1_119' title='bbox 2373 2431 2527 2514; x_wconf 76' lang='lat'>275)</span> <span class='ocrx_word' id='word_1_120' title='bbox 2598 2430 2663 2494; x_wconf 87' lang='lat' dir='ltr'><strong>iu</strong></span> 
     </span>
     <span class='ocr_line' id='line_1_17' title="bbox 612 2546 2663 2635; baseline -0 -22"><span class='ocrx_word' id='word_1_121' title='bbox 612 2546 975 2634; x_wconf 84' lang='lat' dir='ltr'><strong>apographis</strong></span> <span class='ocrx_word' id='word_1_122' title='bbox 1035 2546 1343 2612; x_wconf 85' lang='lat' dir='ltr'><strong>nonnullis</strong></span> <span class='ocrx_word' id='word_1_123' title='bbox 1395 2548 1627 2635; x_wconf 85' lang='lat' dir='ltr'><strong>peperit</strong></span> <span class='ocrx_word' id='word_1_124' title='bbox 1700 2555 2038 2613; x_wconf 77' lang='lat' dir='ltr'><strong>monstrum</strong></span> <span class='ocrx_word' id='word_1_125' title='bbox 2113 2547 2392 2613; x_wconf 82' lang='lat' dir='ltr'><strong>lectionis</strong></span> <span class='ocrx_word' id='word_1_126' title='bbox 2451 2553 2663 2630; x_wconf 80' lang='grc' dir='ltr'><em>φοιτο-</em></span> 
     </span>
     <span class='ocr_line' id='line_1_18' title="bbox 609 2667 1226 2746; baseline -0.002 -13"><span class='ocrx_word' id='word_1_127' title='bbox 609 2667 916 2746; x_wconf 75' lang='grc' dir='ltr'><em>βαμονος.</em></span> <span class='ocrx_word' id='word_1_128' title='bbox 986 2667 1226 2732; x_wconf 85' lang='lat' dir='ltr'><strong>Codex:</strong></span> 
     </span>
    </p>
   </div>
   <div class='ocr_carea' id='block_1_3' title="bbox 790 2837 2453 3042">
    <p class='ocr_par' dir='ltr' id='par_1_6' title="bbox 790 2837 2453 3042">
     <span class='ocr_line' id='line_1_19' title="bbox 790 2837 2453 2920; baseline 0 -17"><span class='ocrx_word' id='word_1_129' title='bbox 790 2840 910 2916; x_wconf 72' lang='grc' dir='ltr'><strong>ἐγὼ</strong></span> <span class='ocrx_word' id='word_1_130' title='bbox 960 2838 1023 2903; x_wconf 77' lang='grc' dir='ltr'><strong>δὲ</strong></span> <span class='ocrx_word' id='word_1_131' title='bbox 1067 2839 1149 2918; x_wconf 73' lang='grc' dir='ltr'><strong>τῷ</strong></span> <span class='ocrx_word' id='word_1_132' title='bbox 1200 2837 1543 2918; x_wconf 77' lang='grc' dir='ltr'><em>πρόσπολος</em></span> <span class='ocrx_word' id='word_1_133' title='bbox 1593 2839 1636 2903; x_wconf 79' lang='grc' dir='ltr'><strong>οὶ</strong></span> <span class='ocrx_word' id='word_1_134' title='bbox 1684 2840 2267 2920; x_wconf 63' lang='grc' dir='ltr'><em>τριτοβάμονος</em></span> <span class='ocrx_word' id='word_1_135' title='bbox 2315 2839 2453 2919; x_wconf 73' lang='grc' dir='ltr'><em>χερὶ</em></span> 
     </span>
     <span class='ocr_line' id='line_1_20' title="bbox 791 2955 1925 3042; baseline -0.002 -17"><span class='ocrx_word' id='word_1_136' title='bbox 791 2955 1087 3037; x_wconf 77' lang='grc' dir='ltr'><strong>δευομένα</strong></span> <span class='ocrx_word' id='word_1_137' title='bbox 1136 2957 1414 3040; x_wconf 70' lang='grc' dir='ltr'><em>βάκτρου</em></span> <span class='ocrx_word' id='word_1_138' title='bbox 1462 2960 1691 3040; x_wconf 73' lang='grc' dir='ltr'><strong>γεραιῷ</strong></span> <span class='ocrx_word' id='word_1_139' title='bbox 1742 2958 1925 3042; x_wconf 70' lang='grc' dir='ltr'><em>κάρᾳ.</em></span> 
     </span>
    </p>
   </div>
   <div class='ocr_carea' id='block_1_4' title="bbox 607 3141 2669 4302">
    <p class='ocr_par' dir='ltr' id='par_1_7' title="bbox 607 3141 2669 4302">
     <span class='ocr_line' id='line_1_21' title="bbox 679 3141 2669 3229; baseline -0.002 -20"><span class='ocrx_word' id='word_1_140' title='bbox 679 3143 840 3209; x_wconf 46' lang='lat' dir='ltr'><strong>*Sine</strong></span> <span class='ocrx_word' id='word_1_141' title='bbox 899 3143 1027 3207; x_wconf 93' lang='lat' dir='ltr'><strong>ullo</strong></span> <span class='ocrx_word' id='word_1_142' title='bbox 1085 3142 1312 3206; x_wconf 90' lang='lat' dir='ltr'><strong>iudicio</strong></span> <span class='ocrx_word' id='word_1_143' title='bbox 1375 3142 1439 3205; x_wconf 92' lang='lat' dir='ltr'><strong>in</strong></span> <span class='ocrx_word' id='word_1_144' title='bbox 1501 3141 1710 3206; x_wconf 66' lang='lat' dir='ltr'><strong>mulssis</strong></span> <span class='ocrx_word' id='word_1_145' title='bbox 1764 3142 1935 3207; x_wconf 86' lang='lat' dir='ltr'><strong>libris</strong></span> <span class='ocrx_word' id='word_1_146' title='bbox 1992 3143 2336 3229; x_wconf 85' lang='lat' dir='ltr'><strong>promiscue</strong></span> <span class='ocrx_word' id='word_1_147' title='bbox 2380 3143 2669 3228; x_wconf 80' lang='lat' dir='ltr'><strong>leguntur</strong></span> 
     </span>
     <span class='ocr_line' id='line_1_22' title="bbox 610 3259 2666 3346; baseline -0.002 -18"><span class='ocrx_word' id='word_1_148' title='bbox 610 3264 903 3330; x_wconf 84' lang='lat' dir='ltr'><strong>vocabula</strong></span> <span class='ocrx_word' id='word_1_149' title='bbox 970 3263 1140 3342; x_wconf 78' lang='grc' dir='ltr'><em>τύχη</em></span> <span class='ocrx_word' id='word_1_150' title='bbox 1214 3266 1274 3326; x_wconf 78' lang='lat' dir='ltr'><strong>et</strong></span> <span class='ocrx_word' id='word_1_151' title='bbox 1340 3262 1523 3341; x_wconf 68' lang='grc' dir='ltr'><em>ψυχὴ</em></span> <span class='ocrx_word' id='word_1_152' title='bbox 1596 3283 1735 3324; x_wconf 88' lang='lat' dir='ltr'><strong>oum</strong></span> <span class='ocrx_word' id='word_1_153' title='bbox 1808 3259 2158 3346; x_wconf 70' lang='lat' dir='ltr'><strong>compositis</strong></span> <span class='ocrx_word' id='word_1_154' title='bbox 2228 3266 2288 3324; x_wconf 79' lang='lat' dir='ltr'><strong>et</strong></span> <span class='ocrx_word' id='word_1_155' title='bbox 2357 3259 2666 3324; x_wconf 80' lang='lat' dir='ltr'><strong>derivatiS.</strong></span> 
     </span>
     <span class='ocr_line' id='line_1_23' title="bbox 610 3378 2664 3465; baseline -0.003 -17"><span class='ocrx_word' id='word_1_156' title='bbox 610 3382 796 3463; x_wconf 76' lang='lat' dir='ltr'><strong>Quod</strong></span> <span class='ocrx_word' id='word_1_157' title='bbox 867 3382 1088 3447; x_wconf 74' lang='lat' dir='ltr'><strong>vitium</strong></span> <span class='ocrx_word' id='word_1_158' title='bbox 1156 3381 1278 3445; x_wconf 88' lang='lat' dir='ltr'><strong>iam</strong></span> <span class='ocrx_word' id='word_1_159' title='bbox 1326 3380 1401 3445; x_wconf 90' lang='lat' dir='ltr'><strong>ab</strong></span> <span class='ocrx_word' id='word_1_160' title='bbox 1445 3378 1892 3464; x_wconf 75' lang='lat' dir='ltr'><strong>antiquioribus</strong></span> <span class='ocrx_word' id='word_1_161' title='bbox 1944 3379 2268 3465; x_wconf 89' lang='lat' dir='ltr'><strong>philologis</strong></span> <span class='ocrx_word' id='word_1_162' title='bbox 2322 3379 2664 3465; x_wconf 79' lang='lat' dir='ltr'><strong>StephanO,</strong></span> 
     </span>
     <span class='ocr_line' id='line_1_24' title="bbox 611 3499 2664 3585; baseline -0.002 -19"><span class='ocrx_word' id='word_1_163' title='bbox 611 3503 909 3581; x_wconf 85' lang='lat' dir='ltr'><strong>GesnerO,</strong></span> <span class='ocrx_word' id='word_1_164' title='bbox 974 3500 1262 3580; x_wconf 82' lang='lat' dir='ltr'><strong>CanterO,</strong></span> <span class='ocrx_word' id='word_1_165' title='bbox 1325 3499 1457 3565; x_wconf 90' lang='lat' dir='ltr'><strong>aliis</strong></span> <span class='ocrx_word' id='word_1_166' title='bbox 1520 3499 1935 3585; x_wconf 86' lang='lat' dir='ltr'><strong>compluribus</strong></span> <span class='ocrx_word' id='word_1_167' title='bbox 2001 3499 2150 3563; x_wconf 88' lang='lat' dir='ltr'><strong>locis</strong></span> <span class='ocrx_word' id='word_1_168' title='bbox 2210 3499 2392 3563; x_wconf 76' lang='lat' dir='ltr'><strong>tacite</strong></span> <span class='ocrx_word' id='word_1_169' title='bbox 2439 3521 2664 3563; x_wconf 89' lang='lat' dir='ltr'><strong>correc-</strong></span> 
     </span>
     <span class='ocr_line' id='line_1_25' title="bbox 608 3616 2661 3704; baseline -0.003 -17"><span class='ocrx_word' id='word_1_170' title='bbox 608 3629 740 3687; x_wconf 84' lang='lat' dir='ltr'><strong>tum</strong></span> <span class='ocrx_word' id='word_1_171' title='bbox 797 3627 910 3686; x_wconf 77' lang='lat' dir='ltr'><strong>est.</strong></span> <span class='ocrx_word' id='word_1_172' title='bbox 1005 3620 1201 3685; x_wconf 76' lang='lat' dir='ltr'><strong>Multa</strong></span> <span class='ocrx_word' id='word_1_173' title='bbox 1257 3620 1510 3684; x_wconf 80' lang='lat' dir='ltr'><strong>collecta</strong></span> <span class='ocrx_word' id='word_1_174' title='bbox 1571 3618 1753 3683; x_wconf 76' lang='lat' dir='ltr'><strong>habet</strong></span> <span class='ocrx_word' id='word_1_175' title='bbox 1798 3619 1982 3683; x_wconf 83' lang='lat' dir='ltr'><strong>Dorv.</strong></span> <span class='ocrx_word' id='word_1_176' title='bbox 2031 3619 2094 3682; x_wconf 88' lang='lat' dir='ltr'><strong>in</strong></span> <span class='ocrx_word' id='word_1_177' title='bbox 2143 3616 2373 3684; x_wconf 80' lang='lat' dir='ltr'><strong>charit.</strong></span> <span class='ocrx_word' id='word_1_178' title='bbox 2424 3642 2484 3704; x_wconf 90' lang='lat' dir='ltr'><strong>p.</strong></span> <span class='ocrx_word' id='word_1_179' title='bbox 2532 3621 2661 3681; x_wconf 83' lang='grc'><strong>422</strong></span> 
     </span>
     <span class='ocr_line' id='line_1_26' title="bbox 607 3738 2663 3823; baseline -0.002 -17"><span class='ocrx_word' id='word_1_180' title='bbox 607 3764 720 3806; x_wconf 86' lang='lat' dir='ltr'><strong>nec</strong></span> <span class='ocrx_word' id='word_1_181' title='bbox 754 3764 876 3806; x_wconf 91' lang='lat' dir='ltr'><strong>non</strong></span> <span class='ocrx_word' id='word_1_182' title='bbox 916 3739 1382 3804; x_wconf 87' lang='lat' dir='ltr'><strong>Valckenaerius</strong></span> <span class='ocrx_word' id='word_1_183' title='bbox 1427 3739 1491 3802; x_wconf 90' lang='lat' dir='ltr'><strong>in</strong></span> <span class='ocrx_word' id='word_1_184' title='bbox 1532 3738 1798 3818; x_wconf 81' lang='lat' dir='ltr'><strong>schediS,</strong></span> <span class='ocrx_word' id='word_1_185' title='bbox 1856 3740 1963 3823; x_wconf 91' lang='lat' dir='ltr'><strong>qui</strong></span> <span class='ocrx_word' id='word_1_186' title='bbox 2012 3745 2215 3804; x_wconf 75' lang='lat' dir='ltr'><strong>mone-t</strong></span> <span class='ocrx_word' id='word_1_187' title='bbox 2262 3739 2335 3803; x_wconf 91' lang='lat' dir='ltr'><strong>de</strong></span> <span class='ocrx_word' id='word_1_188' title='bbox 2381 3738 2663 3803; x_wconf 81' lang='lat' dir='ltr'><strong>adverbio</strong></span> 
     </span>
     <span class='ocr_line' id='line_1_27' title="bbox 609 3857 2663 3943; baseline -0.001 -18"><span class='ocrx_word' id='word_1_189' title='bbox 609 3864 888 3940; x_wconf 81' lang='grc' dir='ltr'><em>εὐτυχῶς</em></span> <span class='ocrx_word' id='word_1_190' title='bbox 954 3859 1018 3924; x_wconf 89' lang='lat' dir='ltr'><strong>in</strong></span> <span class='ocrx_word' id='word_1_191' title='bbox 1076 3858 1372 3939; x_wconf 80' lang='grc' dir='ltr'><em>εὐψύχως</em></span> <span class='ocrx_word' id='word_1_192' title='bbox 1437 3857 1731 3924; x_wconf 64' lang='grc' dir='ltr'><strong>ωαΐῆηάο</strong></span> <span class='ocrx_word' id='word_1_193' title='bbox 1787 3858 1851 3921; x_wconf 90' lang='lat' dir='ltr'><strong>in</strong></span> <span class='ocrx_word' id='word_1_194' title='bbox 1920 3858 2091 3923; x_wconf 77' lang='lat' dir='ltr'><strong>Stob.</strong></span> <span class='ocrx_word' id='word_1_195' title='bbox 2150 3858 2353 3923; x_wconf 85' lang='lat' dir='ltr'><strong>Floril.</strong></span> <span class='ocrx_word' id='word_1_196' title='bbox 2402 3880 2463 3943; x_wconf 90' lang='lat' dir='ltr'><strong>p.</strong></span> <span class='ocrx_word' id='word_1_197' title='bbox 2515 3860 2663 3922; x_wconf 88' lang='lat'><strong>576.</strong></span> 
     </span>
     <span class='ocr_line' id='line_1_28' title="bbox 608 3976 2662 4060; baseline -0.001 -17"><span class='ocrx_word' id='word_1_198' title='bbox 608 3980 931 4044; x_wconf 86' lang='lat' dir='ltr'><strong>Simillimo</strong></span> <span class='ocrx_word' id='word_1_199' title='bbox 999 3979 1134 4043; x_wconf 91' lang='lat' dir='ltr'><strong>loco</strong></span> <span class='ocrx_word' id='word_1_200' title='bbox 1207 3978 1475 4043; x_wconf 88' lang='lat' dir='ltr'><strong>eamdem</strong></span> <span class='ocrx_word' id='word_1_201' title='bbox 1545 3977 1908 4043; x_wconf 83' lang='lat' dir='ltr'><strong>medicinam</strong></span> <span class='ocrx_word' id='word_1_202' title='bbox 1976 3978 2123 4041; x_wconf 74' lang='lat' dir='ltr'><strong>facit</strong></span> <span class='ocrx_word' id='word_1_203' title='bbox 2182 3976 2444 4041; x_wconf 80' lang='lat' dir='ltr'><strong>Cobetus</strong></span> <span class='ocrx_word' id='word_1_204' title='bbox 2494 3976 2662 4060; x_wconf 87' lang='lat' dir='ltr'><strong>(Var.</strong></span> 
     </span>
     <span class='ocr_line' id='line_1_29' title="bbox 607 4094 2663 4185; baseline -0.002 -20"><span class='ocrx_word' id='word_1_205' title='bbox 607 4099 777 4165; x_wconf 78' lang='lat' dir='ltr'><strong>Lect.</strong></span> <span class='ocrx_word' id='word_1_206' title='bbox 840 4122 898 4185; x_wconf 89' lang='lat' dir='ltr'><strong>p.</strong></span> <span class='ocrx_word' id='word_1_207' title='bbox 966 4101 1028 4182; x_wconf 87' lang='lat'><strong>6)</strong></span> <span class='ocrx_word' id='word_1_208' title='bbox 1097 4120 1312 4184; x_wconf 90' lang='lat' dir='ltr'><strong>nempe</strong></span> <span class='ocrx_word' id='word_1_209' title='bbox 1379 4097 1632 4183; x_wconf 86' lang='lat' dir='ltr'><strong>Dionys.</strong></span> <span class='ocrx_word' id='word_1_210' title='bbox 1705 4096 1910 4161; x_wconf 86' lang='lat' dir='ltr'><strong>Halic.</strong></span> <span class='ocrx_word' id='word_1_211' title='bbox 1968 4095 2107 4160; x_wconf 85' lang='lat' dir='ltr'><strong>Lib.</strong></span> <span class='ocrx_word' id='word_1_212' title='bbox 2177 4094 2308 4174; x_wconf 90' lang='lat' dir='ltr'><strong>IX,</strong></span> <span class='ocrx_word' id='word_1_213' title='bbox 2379 4096 2483 4160; x_wconf 87' lang='grc'><strong>29.</strong></span> <span class='ocrx_word' id='word_1_214' title='bbox 2556 4095 2663 4160; x_wconf 89' lang='lat' dir='ltr'><strong>ubi</strong></span> 
     </span>
     <span class='ocr_line' id='line_1_30' title="bbox 607 4213 2662 4302; baseline -0.001 -21"><span class='ocrx_word' id='word_1_215' title='bbox 607 4215 893 4282; x_wconf 85' lang='lat' dir='ltr'><strong>Reiskius</strong></span> <span class='ocrx_word' id='word_1_216' title='bbox 939 4215 1271 4302; x_wconf 89' lang='lat' dir='ltr'><strong>speciosius</strong></span> <span class='ocrx_word' id='word_1_217' title='bbox 1316 4237 1493 4301; x_wconf 90' lang='lat' dir='ltr'><strong>quam</strong></span> <span class='ocrx_word' id='word_1_218' title='bbox 1529 4215 1733 4279; x_wconf 88' lang='lat' dir='ltr'><strong>verius</strong></span> <span class='ocrx_word' id='word_1_219' title='bbox 1780 4220 2118 4278; x_wconf 79' lang='lat' dir='ltr'><strong>correxerat</strong></span> <span class='ocrx_word' id='word_1_220' title='bbox 2169 4213 2449 4293; x_wconf 76' lang='grc' dir='ltr'><em>οὶτυχῶς.</em></span> <span class='ocrx_word' id='word_1_221' title='bbox 2501 4214 2662 4279; x_wconf 90' lang='lat' dir='ltr'><strong>Nam</strong></span> 
     </span>
    </p>
   </div>
  </div>
 </body>
</html>
