3320 5169
1632 494 1719 555 48

643 700 947 780 scribens,
996 723 1134 766 cum
1179 700 1368 766 huius
1428 701 1720 768 dramatis
1779 724 2002 770 nomen
2073 726 2308 791 semper
2365 705 2430 770 in
2490 705 2708 792 plurali

641 819 946 887 laudetur.
1018 821 1099 885 In
1145 821 1349 907 aprico
1391 827 1481 886 est
1528 821 1806 887 ultimam
1844 823 2079 889 literam
2115 825 2167 888 C
2209 824 2488 909 sequenti
2527 823 2705 889 verbo

643 939 918 1017 πλέομεν
989 940 1351 1007 adhaesisse.
1467 940 1618 1006 Vide
1686 948 1990 1029 praeterea
2064 966 2218 1029 quae
2284 943 2456 1030 plura
2522 942 2707 1009 habet

641 1059 950 1126 Porsonus
994 1060 1037 1126 l.
1061 1061 1103 1126 1.

731 1179 1213 1256 'Aen-donov,
1277 1180 1600 1258 ἁσμένως,
1654 1181 1964 1261 χαίροντα
2011 1182 2175 1269 apud
2220 1181 2595 1268 Hesychium
2639 1182 2704 1247 in

641 1300 1054 1367 ἀσπάσιον
1105 1301 1461 1367 mutandum
1511 1323 1643 1366 esse
1692 1324 1811 1381 nne
1858 1302 2166 1389 Guyetum
2206 1300 2452 1386 quidem
2499 1301 2704 1388 fugit”

644 1428 711 1487 ut
757 1422 843 1487 ait
889 1420 1312 1486 Ruhnkenius.
1405 1420 1642 1487 Similia
1688 1428 1958 1487 monstra
1996 1422 2062 1486 in
2106 1420 2318 1486 lexicis
2363 1442 2541 1486 nemo
2578 1443 2703 1488 non

641 1542 829 1608 semel
880 1541 1229 1608 admonitus
1276 1542 1454 1608 facile
1500 1542 1884 1628 interpretari
1931 1546 2155 1629 potest.

727 1638 804 1729 In
859 1663 1278 1729 Valckenaerii
1339 1663 1588 1729 Schedis
1645 1663 1876 1728 criticis
1936 1661 2292 1727 emendatur
2343 1659 2704 1726 Plutarchus

639 1783 767 1869 (II,
822 1786 991 1851 1099
1036 1783 1713 1870 c.)371·07w7·sm'o·‘2·epov
1778 1791 1889 1857 τῆς
1944 1782 2242 1854 θυσίαις
2310 1783 2379 1847 τὸ
2436 1782 2697 1848 δεῖπνον.

635 1904 824 1969 Recte
884 1911 1093 1970 monet
1151 1910 1265 1978 τῆς
1327 1904 1594 1976 οὐσίαις
1659 1926 1786 1969 esse
1839 1901 2252 1990 reponendum
2293 1902 2367 1987 1).
2459 1899 2701 1965 Ibidem

636 2045 710 2087 ex
759 2023 838 2086 οὐ
888 2022 1056 2101 μάλ
1079 2048 1252 2088 con-oc
1290 2022 1453 2109 apud
1474 2022 1819 2088 Lucianum
1846 2021 1971 2108 (II,
2000 2023 2152 2099 349)
2190 2021 2427 2087 elicitur
2472 2018 2700 2098 θυμοὶ-

636 2156 877 2208 >.ωπα.
948 2143 1418 2229 Elegantissime
1462 2140 1857 2208 Casaubonus
1903 2141 1968 2205 in
2008 2140 2320 2206 Athenaeo
2367 2163 2432 2228 p.
2473 2141 2600 2205 388
2645 2160 2699 2206 e.

637 2283 750 2348 pro
790 2261 915 2327 αἰεί
957 2259 1097 2340 μἐἶὶ
1146 2232 1299 2343 epla}
1349 2263 1426 2327 οὐ
1476 2286 1607 2342 με,
1657 2237 1901 2335 ΘΤΜὲΞ
1950 2259 2241 2327 restituit.

728 2380 1033 2446 Palmaria
1070 2389 1164 2447 est
1212 2380 1555 2447 emendatio
1602 2378 1818 2446 Cobeti
1865 2380 1930 2444 in
1984 2402 2137 2446 vers,
2196 2377 2473 2466 Euripid.
2542 2377 2701 2464 apud

639 2502 1042 2568 Plutarchum
1088 2505 1160 2568 de
1204 2502 1519 2567 audiendis
1551 2500 1767 2584 poetis.
1862 2500 2033 2580 Quae
2077 2498 2260 2563 lectio
2305 2498 2371 2562 in
2417 2496 2702 2562 editioni-

640 2623 756 2689 bus
824 2622 1246 2689 circumfertur
1311 2622 1526 2687 misere
1593 2627 1686 2686 est
1753 2619 2102 2707 depravata.
2194 2617 2312 2683 Sed
2380 2619 2538 2684 clara
2596 2617 2703 2683 lux

641 2742 867 2808 affulsit
913 2766 984 2808 ex
1033 2743 1265 2831 optimo
1312 2742 1575 2828 quodam
1619 2739 1828 2807 codice
1874 2739 2110 2804 Veneto
2148 2741 2199 2824 2)
2248 2737 2355 2803 ubi
2408 2738 2700 2824 scriptum

641 2867 873 2927 exstat:

999 2982 1067 3047 τί
1112 2984 1271 3057 δῆτα
1323 2977 1532 3047 οὖσιν
1582 2981 1679 3048 δεῖ
1720 3006 1791 3046 σε
1840 2979 2368 3059 κατθανούμενονς

730 3148 973 3215 Addere
1018 3148 1192 3214 iubet
1239 3171 1296 3215 v.
1346 3148 1423 3215 cl.
1470 3153 1769 3235 punctum
1830 3153 1893 3212 et
1937 3145 2223 3211 lineolam
2270 3149 2341 3208 ut
2387 3142 2704 3208 audiamus

640 3267 843 3356 ipsum
887 3267 1281 3356 Euripidem:

956 3432 1022 3497 τί
1068 3433 1231 3507 δῆτα
1280 3433 1544 3505 ΘΤΕΙΝ
1593 3431 1693 3496 δεῖ
1735 3454 1807 3495 σε
1855 3424 2382 3504 κατθανούμενονς

642 3597 968 3686 respondet
1013 3596 1400 3663 Palamedes:

942 3762 1215 3845 ἄμεινον.
1250 3763 1444 3837 οὐδεὶς
1491 3760 1783 3843 κάματος
1834 3755 1899 3826 εὖ
1952 3759 2165 3839 σέβειν
2211 3757 2400 3831 θεούς.

717 4100 758 4170 1)
816 4097 898 4155 cf.
921 4094 1345 4161 namsterhusfi,
1374 4092 1598 4149 aliorum
1623 4088 1855 4146 Miscen.
1882 4087 2038 4145 obss.
2057 4054 2308 4153 v0‘1.1x,
2346 4104 2399 4160 p.
2417 4086 2549 4154 149,
2583 4085 2708 4145 150.

717 4186 762 4256 2)
814 4184 954 4244 Vide
992 4184 1123 4243 Cob.
1161 4184 1311 4241 Orat.
1348 4179 1415 4236 de
1449 4181 1585 4236 Arte
1619 4177 1907 4249 Inter-pret.
1941 4193 1993 4248 p.
2033 4174 2101 4229 80
2139 4190 2281 4245 seqq.
