3320 5169
1649 503 1730 575 14

653 714 1090 780 consuetudine
1150 713 1496 779 evanuisset
1559 735 1888 799 omnesque
1932 718 2246 779 uterentur
2288 713 2714 778 transformata

652 835 1011 899 minuscula.
1104 832 1617 899 Describebantur
1660 832 1855 920 igitur
1893 833 2120 898 vetusti
2166 833 2407 898 codices
2452 833 2714 920 optimae

653 960 833 1019 notae
878 975 1035 1019 novo
1088 954 1213 1018 ritu
1270 959 1330 1017 et
1386 952 1713 1018 lectoribus
1759 959 1817 1017 et
1865 953 2126 1018 librariis
2171 952 2366 1017 multo
2410 952 2681 1018 faciliore
2693 979 2712 1032 ;

654 1071 990 1158 descriptos
1037 1077 1253 1158 utpote
1296 1072 1418 1136 iam
1465 1070 1694 1136 nullius
1737 1072 1920 1158 pretii
1964 1094 2145 1137 nemo
2191 1073 2455 1138 curabat.
2550 1073 2714 1154 Quo·

654 1214 792 1256 rum
844 1192 1076 1256 utinam
1127 1191 1332 1277 plures
1378 1196 1636 1257 aetatem
1674 1192 1979 1257 tulissent!
2052 1192 2221 1272 Quot
2265 1193 2511 1279 quantis
2556 1192 2716 1256 enim

655 1310 962 1375 erroribus
1008 1310 1158 1396 lapsi
1208 1311 1334 1374 sint
1381 1311 1489 1397 qui
1528 1310 1728 1376 literas
1765 1311 2033 1375 unciales
2069 1311 2477 1376 inexercitatis
2522 1311 2718 1376 oculis

653 1450 968 1515 perperam
1017 1430 1208 1493 lectas
1254 1429 1445 1516 ligato
1495 1429 1836 1494 charactere
1882 1436 2294 1517 expresserunt
2337 1437 2574 1517 praeter
2617 1431 2721 1494 ha·

655 1571 790 1613 rum
845 1572 1046 1615 rerum
1107 1550 1343 1614 iudices
1399 1572 1576 1614 nemo
1632 1549 1814 1614 facile
1878 1550 2088 1616 credit.
2183 1551 2312 1632 Qui
2372 1551 2552 1616 semel
2604 1551 2721 1615 hoc

656 1668 1026 1754 perspexerit
1067 1668 1133 1732 in
1170 1668 1322 1732 locis
1362 1668 1631 1733 obscuris
1677 1669 2071 1734 utilissimum
2107 1669 2405 1735 iudicabit
2440 1693 2723 1735 revocare

658 1787 1000 1872 quadratam,
1070 1788 1266 1853 delere
1312 1786 1901 1874 interpunctionem,
1965 1789 2215 1874 spiritus
2277 1789 2584 1870 omittere,
2648 1812 2724 1854 ne

658 1906 1008 1972 accentibus
1056 1906 1304 1992 quidem
1349 1906 1612 1971 nimium
1656 1907 1951 1987 tribuere,
2002 1930 2137 1975 cum
2186 1910 2483 1974 sexcentis
2529 1932 2723 1974 exem-

657 2027 776 2113 plis
834 2026 1169 2091 luculenter
1229 2032 1435 2113 pateat
1495 2026 1561 2090 in
1624 2026 1720 2089 his
1780 2026 2058 2092 omnibus
2122 2027 2280 2092 viam
2332 2027 2508 2092 nobis
2553 2049 2724 2092 mon·

661 2153 850 2213 strare
898 2145 1009 2233 qui
1056 2144 1176 2209 sibi
1224 2145 1503 2210 semitam
1551 2169 1675 2211 non
1724 2145 1980 2231 sapiant.
2073 2145 2186 2210 Vel
2247 2146 2361 2226 sic,
2424 2152 2495 2211 ut
2553 2144 2726 2209 facile

660 2265 1052 2350 intelligitur,
1123 2287 1247 2329 non
1308 2265 1579 2329 cuiusvis
1646 2272 1738 2330 est
1802 2266 1993 2330 multa
2050 2266 2276 2330 rectius
2328 2264 2722 2343 constituere,

666 2407 875 2450 verum
911 2383 1019 2469 qui
1051 2383 1281 2448 iudicio
1316 2406 1438 2448 non
1468 2366 1734 2449 omnino
1782 2392 1875 2450 est
1909 2362 2269 2463 destitutuS,
2305 2382 2728 2468 coniungenda

665 2509 826 2569 certe
873 2525 996 2568 non
1045 2501 1369 2583 distrahet,
1418 2502 1807 2568 distrahenda
1841 2526 1963 2568 non
2014 2503 2343 2591 coniunget
2385 2525 2583 2588 neque
2625 2502 2723 2567 bis

663 2624 823 2710 leget
869 2645 1024 2708 quae
1070 2622 1252 2687 semel
1298 2627 1407 2687 aut
1447 2624 1628 2688 semel
1675 2646 1831 2708 quae
1875 2623 1969 2688 bis
2014 2630 2186 2689 erant
2227 2623 2499 2710 legenda.
2572 2622 2723 2702 Qui·

664 2743 777 2809 bus
813 2741 1011 2807 modis
1046 2741 1381 2807 scribarum
1417 2743 1586 2808 natio
1621 2743 1954 2808 identidem
1984 2744 2278 2829 peccavit.
2329 2741 2724 2807 Ἐπιπόλοιιοι

667 2885 809 2927 sane
852 2862 999 2926 haec
1044 2868 1188 2926 sunt
1237 2862 1484 2927 vulnera
1529 2869 1592 2928 et
1634 2861 1861 2927 leviora
1904 2868 1978 2928 ut
2034 2862 2242 2928 mirari
2288 2862 2480 2949 possis
2525 2862 2726 2927 adhuc

669 2980 936 3047 sananda
981 3002 1308 3068 superesse.

759 3100 879 3166 Sed
936 3100 1104 3166 valet
1165 3100 1240 3164 de
1300 3097 1570 3164 inventis
1634 3098 1985 3166 criticorum
2032 3123 2279 3186 quoque
2326 3106 2504 3166 acuta
2551 3122 2729 3185 quae·

670 3221 807 3286 dam
854 3218 1172 3285 Plutarchi
1220 3219 1561 3286 observatio
1606 3220 1674 3284 in
1721 3218 1853 3285 vita
1898 3221 2176 3285 Marcelli
2233 3221 2404 3307 (Cap.
2457 3221 2563 3305 17)
2625 3219 2732 3284 ubi

671 3339 855 3408 dicit:
906 3345 1116 3416 Ζητῶν
1163 3340 1278 3419 μὲν
1320 3339 1446 3422 γὰρ
1494 3342 1603 3405 οὐκ
1649 3338 1726 3405 ἄν
1773 3364 1868 3413 τις
1911 3339 2064 3421 εὕροι
2102 3340 2177 3405 δι’
2208 3326 2397 3404 aci-027
2431 3340 2542 3414 τὴν
2572 3340 2731 3405 ἀπό-

673 3459 891 3539 δειξιν,
933 3458 1079 3540 ἅμα
1117 3460 1179 3525 δὲ
1215 3470 1291 3544 τῇ
1333 3460 1601 3538 μαθήσει
1633 3459 2027 3541 παρίσταται
2061 3458 2213 3538 δόξαι
2253 3464 2361 3525 τοῦ
2394 3458 2512 3525 κᾶν
2543 3456 2733 3524 αὐτὸν

678 3583 852 3671 (Leg.
886 3582 1100 3669 αὐτὸς)
1145 3582 1360 3664 εὑρεῖν·
1394 3579 1546 3646 οὕτω
1590 3580 1769 3646 λείων
1807 3580 1935 3645 ὁδὸν
1977 3579 2127 3659 ἄγει
2166 3580 2270 3645 καὶ
2316 3588 2592 3661 ταχεῖαν
2631 3578 2731 3646 ἐπὶ

676 3697 745 3766 τὸ
803 3701 1208 3781 δεικνύμενον.
1306 3700 1478 3782 Quin
1546 3700 1732 3766 etiam
1789 3701 1853 3765 in
1910 3701 2115 3767 verbis
2179 3701 2516 3767 vernaculis
2588 3723 2736 3766 non-

677 3845 1010 3910 numquam
1057 3820 1317 3886 ridicula
1360 3819 1721 3906 syllabarum
1762 3819 1984 3885 divisio
2028 3844 2136 3907 per
2181 3821 2385 3889 iocum
2427 3842 2739 3907 perperam

680 3941 1110 4030 dispositarum
1169 3960 1291 4004 non
1362 3938 1583 4004 stultos
1651 3945 1891 4005 tantum
1961 3941 2068 4006 sed
2136 3941 2405 4007 eruditos
2465 3940 2741 4005 homines

681 4062 869 4149 probe
924 4058 1183 4145 decepit.

770 4179 851 4246 In
884 4177 1135 4244 Graecis
1174 4186 1381 4243 autem
1418 4178 1726 4245 interdum
1753 4180 1848 4246 vel
1886 4202 2045 4250 unus
2076 4179 2327 4266 spiritus
2360 4179 2513 4244 male
2548 4179 2742 4243 lectus
