3320 5169
1535 557 1624 619 83

555 770 724 836 Lect.
772 795 832 857 p.
880 771 1014 855 43).
1104 769 1329 834 Levem
1376 774 1438 834 et
1473 769 1915 835 inconstantem
1962 772 2248 837 maritum
2292 792 2399 836 auo
2445 792 2612 835 more

557 890 830 976 increpat
874 911 1025 954 uxor
1069 889 1308 969 dotata,
1365 891 1431 953 οὐ
1496 889 1616 967 μία
1680 896 1797 954 τῶν
1862 892 2156 972 ἀσήμων,
2213 897 2283 956 ut
2328 892 2458 978 ipsa
2503 888 2610 956 ait.

644 1009 843 1074 Fideli
872 1014 998 1074 arte
1031 1008 1234 1073 rhetor
1275 1008 1621 1074 muliebrem
1654 1015 1934 1075 naturam
1967 1017 2089 1074 tam
2120 1010 2379 1076 feliciter
2407 1009 2607 1073 imita·-

558 1137 660 1195 tus
691 1134 877 1193 estut
899 1127 1137 1194 Gallam
1161 1129 1428 1213 aliquam
1452 1136 1571 1193 τῶν
1604 1134 1708 1193 νῦν
1732 1130 1941 1194 audire
1971 1130 2084 1194 tibi
2107 1129 2345 1194 videare
2370 1128 2466 1193 vel
2488 1127 2614 1193 Ita-

558 1251 677 1315 lam
719 1272 840 1315 non
866 1256 1128 1314 veterem
1161 1248 1469 1314 Graecam.
1542 1249 2003 1336 Aliquantisper
2038 1249 2356 1314 audiamus
2401 1249 2615 1334 ipsam.

651 1369 784 1448 ῃΤιι
829 1386 967 1434 vero
1014 1368 1207 1434 oculis
1260 1368 1416 1433 levis
1477 1375 1538 1433 et
1598 1369 1948 1434 inconstans
1993 1376 2053 1433 et
2098 1369 2174 1433 ad
2221 1390 2463 1434 omnem
2508 1390 2613 1432 vo·

559 1488 860 1575 luptatem
922 1489 1181 1568 effusuS,
1252 1488 1543 1573 neglectis
1605 1511 1700 1554 me
1756 1494 1818 1553 et
1885 1488 2316 1554 communibus*
2376 1487 2618 1568 liberis,

563 1609 794 1674 Galene
855 1616 917 1673 et
959 1608 1385 1684 Thessalicus,
1445 1608 1952 1674 Hermionensem
2014 1630 2175 1673 amas
2220 1607 2621 1693 inquilinam,

565 1750 748 1813 quam
782 1726 945 1792 malo·
963 1728 1297 1792 amantium
1323 1728 1574 1792 Piraeus
1607 1728 1867 1814 excepit.
1914 1725 2320 1791 Comissatum
2357 1727 2517 1789 enim
2549 1726 2625 1790 ad

565 1868 696 1912 eam
734 1848 902 1912 venit
939 1846 1243 1912 maritima
1282 1847 1598 1926 iuventus,
1645 1847 1924 1932 aliusque
1959 1846 2123 1911 aliud
2162 1846 2387 1911 donum
2424 1844 2628 1924 affert,

566 1971 630 2030 at
688 1966 791 2030 illa
850 1989 974 2030 non
1034 1970 1387 2052 aspernatur
1452 1974 1514 2030 et
1571 1963 1904 2051 Charybdis
1963 1968 2154 2030 instar
2215 1965 2441 2031 haurit.
2532 1965 2626 2029 Tu

567 2107 711 2150 vero
763 2085 915 2148 ultra
963 2084 1278 2171 piscatoris
1313 2084 1728 2150 conditionem
1765 2086 1972 2172 largus
2004 2108 2127 2150 non
2167 2106 2409 2150 maenas
2454 2083 2629 2148 affers

483 2233 489 2240 ·
569 2204 665 2269 vel
711 2204 960 2284 mullos,
1033 2204 1156 2268 imo
1212 2204 1491 2268 dedecori
1550 2204 1770 2285 habes3
1843 2205 1948 2269 sed
2005 2210 2202 2270 aetate
2253 2204 2627 2291 provectior,

568 2328 663 2387 tot
708 2345 901 2387 annos
946 2323 1203 2402 coniux,
1276 2324 1734 2408 liberorumque
1790 2346 1912 2388 non
1975 2323 2301 2389 admodum
2349 2323 2633 2410 parvolo·-

569 2464 705 2507 rum
762 2449 958 2528 pater,
1018 2462 1327 2506 removere
1379 2442 1594 2506 rivales
1654 2443 1934 2529 cupiens,
1983 2443 2239 2508 reticula
2283 2442 2528 2506 Milesia
2573 2447 2638 2506 et

572 2562 834 2628 Siculam
876 2567 1107 2627 vestem
1146 2583 1481 2646 aurumque
1511 2562 1761 2649 insuper
1794 2561 1849 2627 ei
1885 2561 2102 2628 mittis,
2175 2564 2303 2627 Aut
2342 2561 2535 2648 igitur
2563 2561 2639 2626 ab

574 2683 695 2747 ista
719 2682 1039 2747 insolentia
1061 2682 1283 2747 desiste
1307 2688 1415 2747 aut
1448 2704 1543 2747 me
1566 2682 1721 2747 scias
1751 2682 1828 2747 ad
1858 2673 2089 2768 patrem
2124 2679 2495 2748 redituram''
2520 2686 2638 2747 etc.

679 2802 799 2868 Sed
861 2802 978 2866 iam
1059 2803 1206 2868 satis
1278 2808 1390 2867 est.
1507 2802 1831 2867 Sufficiunt
1904 2803 2120 2866 haecce
2190 2800 2267 2865 ad
2341 2800 2409 2865 id
2478 2799 2639 2884 quod

576 2923 731 2988 vole.
822 2923 916 2987 De
963 2923 1263 2988 industria
1323 2927 1526 2986 autem
1581 2922 1722 2987 dedi
1786 2921 2117 2986 versionem
2160 2921 2413 2985 latinam
2456 2920 2640 3007 Berg-

576 3043 691 3108 leri
760 3048 833 3107 ut
902 3041 1132 3127 insigni
1204 3040 1479 3126 exemplo
1543 3040 1923 3105 ostenderem
2005 3062 2187 3125 quam
2265 3062 2444 3127 saepe
2512 3062 2644 3105 eru·

579 3162 697 3226 diti
751 3161 1044 3241 editores,
1106 3160 1252 3224 licet
1313 3159 1632 3224 verborum
1696 3182 1936 3223 sensum
2000 3159 2284 3223 universe
2345 3160 2460 3223 rite
2508 3181 2640 3245 pei·-

581 3287 858 3368 spectum
917 3280 1214 3359 habeant,
1274 3278 1339 3342 in
1398 3278 1736 3342 tritissimis
1770 3277 2060 3363 loquendi
2106 3277 2381 3343 formulis
2438 3285 2640 3343 tamen

581 3401 1008 3468 absurdissima
1078 3420 1353 3485 quaeque
1418 3398 1806 3464 librariorum
1870 3396 2244 3479 σφάλματα
2310 3398 2462 3464 duro
2519 3403 2643 3463 sto-

582 3523 809 3588 macho·
868 3526 1275 3606 concoquant.
1368 3517 1433 3583 Si
1511 3520 1649 3604 quis
1719 3517 2086 3584 Graecitatis
2162 3519 2327 3585 haud
2394 3519 2643 3584 omnino

583 3643 862 3729 ignarus,
931 3647 995 3706 at
1063 3641 1127 3706 in
1190 3639 1578 3726 Alciphronis
1639 3639 1916 3726 epistolis
1982 3639 2237 3727 hospeffi
2306 3639 2642 3728 versionem

584 3761 1039 3850 Berglerianam
1091 3757 1543 3825 exercitationis
1590 3779 1774 3824 causa
1836 3758 2065 3824 Graece
2124 3759 2432 3838 redderet,
2491 3779 2649 3824 erro-

586 3904 680 3947 res
726 3904 879 3967 quos
924 3879 1188 3945 editores
1235 3901 1428 3963 aequo
1475 3877 1678 3943 animo
1725 3879 1962 3960 ferunt,
2011 3885 2226 3965 sponte
2270 3878 2510 3945 vitaret.

677 4004 782 4068 Ad
833 4023 1055 4074 ,omnem
1112 4000 1474 4081 voluptatem
1536 4000 1760 4085 effusus
1805 4019 1857 4063 e.
1891 4019 1944 4061 c.
2009 3996 2148 4082 quis
2207 4019 2330 4061 non
2377 4001 2650 4062 verteret

589 4123 736 4204 πρὸς
805 4124 1023 4187 πᾶσαν
1090 4118 1299 4195 ἡδονὴν
1371 4116 1859 4197 ἐκκεχυμένοςῖ
1929 4116 2189 4194 editores
2246 4122 2448 4181 tamen
2510 4139 2649 4182 cum

591 4242 805 4307 scribis
852 4238 1219 4320 κεχυμένος.

2314 4352 2384 4400 ωε
