3320 5169
1568 527 1646 591 21

575 748 810 829 praeter
868 765 1056 806 senem
1115 762 1277 804 nemo
1341 745 1629 826 superest.
1722 739 1904 820 Quod
1966 746 2168 803 tamen
2240 739 2303 805 in
2368 740 2637 827 complu·

474 850 477 852 ’
578 860 748 925 ribus
795 860 1163 925 editionibus
1209 883 1330 924 non
1379 866 1469 924 est
1514 865 1840 946 receptum.

666 981 990 1067 Perpaucis
1037 1002 1280 1064 quoque
1339 985 1456 1043 τῶν
1509 977 1843 1045 ἐπαϊόντων
1893 978 2123 1043 τούτων
2174 979 2307 1061 πέρι
2363 980 2636 1045 innotuit

576 1101 1047 1188 pulcherrimum
1100 1099 1402 1185 quoddam
1453 1099 1767 1164 inventum
1825 1099 2179 1179 Camerarii,
2230 1100 2391 1164 docti
2440 1098 2637 1186 philo-

576 1221 733 1307 logi,
773 1219 1216 1298 iurisconsulti,
1259 1218 1555 1304 theologi,
1600 1219 1866 1284 hominis
1907 1219 2069 1284 cauti
2111 1226 2172 1283 et
2205 1216 2631 1304 circumspecti

574 1342 820 1421 iudicii,
870 1340 1075 1426 quales
1114 1362 1320 1404 omnes
1353 1362 1482 1403 esse
1519 1338 1702 1404 velles
1732 1338 1909 1404 Verbi
1946 1338 2159 1404 Divini
2207 1334 2637 1418 ''Ministros’'.

579 1458 704 1539 Qui
764 1460 829 1524 in
892 1459 1228 1546 Euangelio
1293 1457 1542 1523 Ioannis
1606 1457 1822 1542 (XIX,
1883 1460 1993 1544 29)
2063 1479 2261 1523 veram
2310 1457 2633 1523 lectionem

573 1579 960 1664 *sagacissime
1018 1579 1304 1644 odoratus
1367 1585 1478 1643 est.
1572 1580 1773 1642 Acute
1826 1579 1988 1642 enim
2041 1578 2345 1665 perspexit
2390 1601 2637 1665 corrup·

578 1697 755 1762 telam
794 1698 855 1762 in
889 1697 1194 1764 vocabulis
1236 1699 1496 1774 ὑσσώπῳ
1536 1696 1879 1777 περιθέντες
1918 1697 2203 1762 latentem
2244 1720 2364 1782 qua
2400 1697 2639 1763 sublata

579 1817 798 1881 mirum
848 1839 1033 1902 quam
1079 1841 1221 1882 sana
1267 1819 1470 1883 evadit
1517 1817 1839 1883 sententia.

668 1936 804 2000 Hoc
860 1938 1128 2022 profecto
1193 1944 1284 2002 est
1345 1937 1509 2022 quod
1568 1937 1767 2001 voluit
1828 1937 2116 2023 scriptor:
2187 1939 2238 2002 οἱ
2293 1937 2356 2001 δὲ
2418 1939 2634 2021 (στρα-

578 2059 822 2143 τιῶται)
855 2059 1215 2132 πλήσαντες
1259 2056 1546 2136 σπόγγον
1585 2056 1755 2134 ὄξους
1802 2057 1907 2121 κοιὶ
1959 2058 2149 2137 ὑσσῷ
2195 2055 2630 2137 περιθέντες

579 2178 1011 2260 προσήνεγκαν
1088 2179 1279 2241 αὐτοῦ
1370 2180 1453 2259 τῷ
1535 2178 1809 2257 στόματι
1871 2179 1913 2244 i.
1954 2201 2005 2243 e.
2091 2177 2314 2242 milites
2380 2176 2639 2241 Romani

577 2298 887 2383 spongiam
947 2303 1113 2362 aceto
1166 2298 1403 2383 plenam
1457 2298 1587 2381 pilo
1626 2299 1870 2384 infixam
1910 2297 2000 2361 ori
2039 2296 2169 2361 eius
2209 2295 2636 2362 admoverunt.

578 2415 660 2479 Et
713 2416 914 2481 hercle
975 2416 1239 2481 dilucide
1298 2424 1546 2503 apparet¹
1614 2418 1777 2482 unde
1845 2423 1989 2481 nata
2058 2417 2138 2480 sit
2198 2415 2456 2481 ridicula
2519 2415 2635 2480 ista

571 2535 890 2623 hyssopus,
983 2536 1351 2622 Ignorabant
1399 2538 1705 2623 sequiores
1754 2537 1935 2609 ὑσσὸς
1989 2536 2138 2622 quid
2193 2542 2384 2613 esset,
2440 2534 2633 2621 igitur

570 2656 855 2742 syllabam
902 2658 1178 2741 sequenti
1223 2680 1347 2721 non
1396 2658 1567 2722 valde
1616 2658 1969 2723 dissimilem
2011 2656 2305 2722 excidisse
2340 2655 2633 2741 suspicati

570 2776 992 2861 excogitarunt
1036 2776 1101 2840 id
1147 2777 1349 2862 ipsum
1397 2778 1559 2861 quod
1607 2783 1865 2841 aetatem
1911 2777 2076 2841 tulit.

658 2895 852 2959 Sensu
911 2902 1085 2959 vacat
1143 2896 1305 2979 quod
1366 2895 1588 2982 legitur
1657 2898 1720 2959 in
1784 2896 2040 2983 epistola
2099 2895 2274 2959 Pauli
2325 2894 2400 2958 ad
2452 2894 2633 2960 Rom.

569 3013 736 3094 XII,
789 3017 863 3078 3:
931 3015 1099 3093 λέγω
1156 3016 1280 3096 γὰρ
1336 3015 1435 3079 διὰ
1503 3023 1614 3088 τῆς
1684 3015 1945 3096 χάριτος
2015 3022 2124 3086 τῆς
2194 3013 2461 3087 δοθείσης
2529 3036 2632 3089 μοι

568 3134 812 3198 παντὶ
878 3137 969 3215 τῷ
1045 3135 1206 3198 ὄντι
1268 3135 1342 3198 ἐν
1406 3136 1591 3211 ὑμῖν
1650 3137 1738 3211 μὴ
1806 3136 2203 3214 ὑπερφρονεῖν
2261 3136 2408 3212 παρ’
2457 3128 2484 3195 ὃ
2539 3131 2635 3201 δεῖ,

567 3258 844 3334 Φρονεῖν,
915 3253 1016 3318 ubi
1087 3254 1320 3318 iustum
1388 3253 1723 3318 remedium
1789 3252 2035 3316 adhibet
2100 3254 2255 3317 Clar.
2319 3250 2622 3316 Venema:

570 3373 755 3458 (apud
794 3372 1088 3439 Valcken.
1122 3372 1188 3437 in
1226 3373 1499 3458 Schedis)
1537 3372 1786 3437 παντὶ
1838 3373 1936 3451 τῷ
1981 3370 2151 3437 ὄντι
2199 3394 2268 3436 τι
2318 3371 2392 3433 ἐν
2440 3371 2625 3448 ὑμῖν

568 3491 920 3571 coniicienS,
992 3492 1159 3576 quod
1227 3492 1384 3556 idem
1455 3493 1586 3558 aliis
1656 3514 1904 3576 quoque
1971 3492 2035 3556 in
2102 3497 2363 3556 mentem
2432 3490 2622 3557 venit.

563 3608 799 3674 Locum
844 3616 1044 3675 tamen
1083 3611 1179 3674 vel
1226 3611 1314 3675 sic
1358 3634 1481 3675 non
1528 3612 1676 3676 satis
1731 3611 2098 3676 intellexisse
2144 3612 2299 3676 mihi
2338 3611 2626 3676 videntur

566 3728 943 3815 interpretes,
1034 3728 1198 3793 Nam
1259 3730 1421 3816 fugit
1481 3754 1584 3795 eos
1647 3754 1830 3815 quam
1893 3732 2023 3795 vim
2081 3731 2303 3797 habeat
2358 3732 2512 3796 illud
2558 3755 2619 3795 τι

566 3848 730 3932 quod
787 3870 909 3912 non
966 3848 1317 3933 simpliciter
1377 3850 1683 3935 signifieat
1739 3853 1980 3937 aliquid
2036 3852 2140 3915 sed
2195 3874 2466 3934 maynum
2510 3851 2626 3914 ali-

562 3969 741 4051 quod,
807 3967 1046 4052 aliqm‘d
1105 3968 1306 4049 maqni
1367 3969 1648 4052 ponderis
1709 3978 1768 4033 et
1826 3971 2115 4035 momenti.
2207 3970 2416 4032 Testes
2483 3974 2627 4031 sunt

469 4063 473 4067 ι
565 4093 716 4169 quot
761 4086 935 4151 velis,
1002 4085 1120 4170 (Cf.
1182 4086 1484 4173 imprimis
1545 4088 1724 4152 Plato
1784 4088 1972 4174 Gorg.
2031 4092 2158 4153 472
2212 4090 2301 4167 A,
2361 4086 2620 4152 Phaedr.

563 4206 687 4297 24²
716 4204 805 4282 E,
853 4203 1018 4269 Men.
1053 4205 1120 4268 in
1154 4205 1328 4270 Stob.
1364 4206 1522 4271 Flor.
1557 4210 1675 4286 22,
1726 4210 1844 4287 28,
1894 4211 2034 4271 Act.
2070 4205 2344 4292 Apostol.
2380 4209 2448 4286 5,
2485 4208 2617 4291 36).
