3320 5169
1677 473 1716 535 8

666 685 1007 772 pitudjnem
1046 685 1250 749 inurat
1285 685 1586 751 universis
1615 684 1987 771 disciplinis,
2033 687 2123 750 ita
2153 691 2225 749 ut
2264 707 2418 770 quae
2456 684 2532 749 ab
2572 706 2719 750 uno·

636 828 911 891 -quoque
956 804 1116 871 inter
1153 828 1385 871 summa
1430 806 1589 871 bona
1635 813 1834 872 essent
1879 805 2153 872 habenda
2198 830 2269 872 ea
2313 829 2475 871 nune
2518 802 2719 891 paullo

666 923 1104 988 infirmioribus
1152 925 1382 1010 (quales
1428 926 1608 990 multi
1653 928 1819 1012 sunt)
1866 948 2112 1011 prorsus
2158 947 2436 1011 perversa
2478 924 2721 989 videan-

670 1050 772 1109 tur
824 1050 887 1109 et
932 1044 1180 1109 omnino
1226 1045 1582 1111 abiicienda.
1673 1046 1913 1110 Bonum
1962 1046 2187 1110 factum
2234 1046 2398 1130 quod
2444 1045 2571 1110 dies
2618 1046 2722 1109 ho-

672 1162 902 1227 minum
950 1169 1289 1228 commenta
1328 1164 1514 1229 delet:
1565 1188 1686 1250 quo
1725 1165 2075 1229 absurdiora
2111 1186 2181 1228 eo
2229 1163 2471 1230 certius,
2547 1163 2722 1228 Hanc

670 1282 865 1369 igitur
919 1283 1201 1348 eximiam
1263 1284 1552 1370 temporis
1609 1284 1972 1349 medicinam
2023 1283 2187 1348 bono
2232 1284 2437 1348 animo
2484 1304 2723 1369 exspec-

671 1408 893 1467 tamus·

760 1521 859 1586 Ab
915 1527 1011 1587 tot
1071 1523 1414 1609 ineptorum
1474 1523 1819 1611 arrogantia
1885 1530 2068 1608 atque
2126 1522 2370 1587 levitate
2430 1529 2725 1606 quantum

668 1641 870 1706 differt
930 1644 1229 1707 doctorum
1287 1645 1548 1729 flagrans
1601 1644 1701 1708 ille
1761 1643 2037 1708 veritatis
2099 1664 2265 1706 amor
2332 1641 2726 1725 studiumque

670 1760 1038 1826 indefessum
1107 1784 1245 1826 cum
1323 1762 1569 1827 amabili
1638 1762 1934 1828 modestia
2004 1762 2397 1827 coniunctum
2467 1761 2728 1847 primum

670 1881 875 1946 omnia
921 1903 1059 1946 cum
1095 1851 1441 1967 pulvisculo
1489 1882 1875 1961 excutiendi,
1929 1880 2148 1945 deinde
2214 1881 2319 1945 diu
2365 1886 2426 1944 et
2471 1880 2729 1944 multum

669 2000 1080 2086 perpendendi
1119 2007 1190 2064 ut
1234 2001 1322 2064 sic
1354 2001 1599 2064 demum
1630 2001 1820 2065 firmis
1858 2000 2267 2064 fundamentis
2315 2005 2733 2085 superstruant

671 2119 862 2183 solida
909 2126 971 2183 et
1024 2120 1327 2185 duratura.
1421 2120 1600 2185 Hanc
1648 2122 1877 2206 regiam
1927 2121 2091 2185 viam
2137 2120 2491 2184 institerunt
2540 2121 2732 2206 philo-

674 2239 953 2322 logorum
1008 2238 1389 2303 admirabiles
1431 2240 1521 2303 illi
1566 2241 1870 2326 principes
1883 2290 1901 2319 ‚
1948 2240 2244 2318 δαιμόνιοι
2290 2239 2534 2322 ἄνδρες,
2585 2264 2734 2325 quos
2827 2280 2832 2283 -

677 2356 937 2443 protulit
985 2357 1221 2443 Anglia'
1258 2358 1558 2444 imprimis
1604 2368 1666 2423 et
1726 2360 1922 2445 patria
1974 2367 2200 2425 nostra.
2292 2361 2568 2441 Quorum
2614 2360 2733 2423 sin-

679 2476 878 2562 gulari
932 2475 1240 2557 εὐστοχίᾳ
1303 2485 1363 2540 et
1416 2478 1642 2563 insigni
1704 2479 2003 2543 industria
2060 2480 2287 2543 factum
2351 2486 2421 2543 ut
2467 2486 2734 2543 veterum

680 2598 1081 2684 scriptorum,
1152 2598 1497 2684 praesertim
1562 2598 1931 2663 Graecorum
2002 2599 2374 2678 emendatiO,
2445 2598 2593 2664 olim
2639 2599 2737 2663 vel

682 2717 1175 2805 ingeniosissimo
1222 2718 1440 2801 cuique
1485 2718 1856 2804 periculosae
1901 2720 2142 2805 plenum
2192 2741 2347 2805 opus
2392 2720 2581 2798 aleae,
2616 2719 2738 2782 iam

685 2844 927 2904 tantum
985 2860 1105 2901 non
1167 2836 1233 2902 in
1291 2845 1512 2902 certam
1569 2846 1761 2902 artem
1816 2839 2057 2903 redacta
2119 2840 2199 2903 sit
2270 2861 2454 2923 seque
2521 2840 2652 2925 ipsa
2708 2862 2742 2904 a

690 2955 941 3019 crimine
1016 2956 1336 3021 effrenatae
1410 2956 1688 3021 licentiae
1768 2957 2054 3022 facillime
2128 2963 2392 3023 tueatur.
2500 2958 2743 3022 Etenim

691 3081 853 3140 recte
918 3076 1272 3141 iamdudum
1341 3077 1765 3141 intellexerunt
1810 3078 1925 3142 viri
1988 3078 2152 3142 docti
2214 3100 2395 3161 quam
2452 3078 2746 3142 rationem

692 3196 759 3261 in
805 3195 930 3260 suis
976 3190 1313 3283 disciplinis
1359 3203 1692 3281 sequantur
1736 3197 1976 3283 physici
2016 3205 2077 3262 et
2121 3197 2566 3288 mathematici,
2613 3222 2749 3264 ean-

697 3317 833 3382 dem
903 3317 1085 3382 etiam
1151 3317 1217 3381 in
1285 3317 1540 3381 historia
1608 3316 2039 3381 conscribenda
2104 3316 2415 3402 literisque
2483 3317 2752 3403 antiquis

697 3436 1066 3500 illustrandis
1112 3458 1297 3499 unam
1345 3459 1470 3500 esse
1516 3436 1791 3500 omnium
1839 3436 2150 3521 optimam
2223 3435 2753 3516 Quemadmodum

701 3562 831 3620 tota
883 3576 1085 3619 rerum
1122 3560 1338 3619 natura
1382 3554 1619 3640 legibus
1664 3560 1906 3619 tenetur
1946 3554 2465 3634 immutabilibuS,
2514 3557 2756 3619 fortuna

704 3676 943 3739 nullum
988 3673 1192 3739 locum
1250 3673 1469 3753 habet,
1533 3674 1623 3738 sic
1681 3674 1843 3738 dicta
1888 3680 1948 3737 et
1993 3674 2155 3737 facta
2199 3674 2464 3740 humana
2517 3696 2759 3760 quoque

707 3795 839 3883 pari
884 3794 1240 3864 necessitate
1287 3793 1578 3858 inservire
1634 3793 1910 3857 videmus
1958 3793 2285 3877 eademque
2332 3816 2521 3878 usque
2566 3816 2761 3858 recur-

705 3938 854 3982 rere.
946 3915 1116 3995 Quae
1179 3934 1314 3976 cum
1377 3913 1465 3977 ita
1515 3913 1638 3976 sint
1684 3912 1888 3978 ubivis
1934 3913 2198 3997 primum
2246 3913 2518 3977 omnium
2567 3912 2764 3976 obser·

706 4035 901 4099 vanda
948 4040 1040 4098 est
1075 4033 1385 4118 analogia,
1435 4055 1556 4118 qua
1589 4033 1771 4097 semel
1805 4037 2116 4118 perspecta
2156 4032 2249 4096 vel
2286 4032 2768 4118 impeditissimis

707 4153 857 4217 locis
909 4153 1015 4217 lux
1062 4152 1223 4216 clara
1267 4150 1627 4237 necopinato
1683 4151 2033 4216 affunditur.
2130 4150 2311 4230 Quod
2364 4157 2435 4213 ut
2488 4151 2770 4216 universe
