3320 5169
1644 465 1726 527 86

750 675 977 751 Menda
1016 699 1094 749 ex
1137 677 1249 743 hac
1292 677 1644 747 confusione
1689 684 1831 745 nata
1845 730 1863 760 ,
1912 679 2196 766 quoniam
2241 681 2715 768 praepositiones

665 798 802 864 ὑπὸ
850 805 912 864 et
959 798 1147 878 ὑπὲρ
1203 798 1359 862 nihil
1417 820 1663 885 prorsus
1731 800 1892 864 inter
1959 823 2022 865 se
2081 799 2305 869 habeut
2358 824 2714 883 commune,

662 918 966 1006 plerisque
1010 917 1161 982 locis
1219 923 1486 983 correcta
1545 925 1707 984 sunt.
1798 919 2114 986 Interdum
2162 943 2306 986 vero
2350 922 2541 991 nimia
2588 945 2715 989 cor·

658 1038 897 1126 rigendi
942 1037 1267 1105 sedulitate
1318 1060 1429 1124 pro
1474 1037 1627 1103 vitio
1672 1037 1949 1106 habitum
2002 1040 2169 1125 quod
2214 1063 2335 1106 non
2382 1048 2532 1108 erat.
2598 1042 2720 1108 Va·

662 1160 747 1226 let
791 1159 909 1225 hoc
954 1159 1029 1224 de
1074 1156 1424 1223 coniectura
1468 1157 1766 1240 Dobraei,
1814 1181 1996 1243 quam
2038 1182 2369 1246 numquam
2414 1162 2545 1249 ipse
2595 1162 2719 1229 edi-

664 1277 881 1359 disset,
926 1277 994 1342 in
1038 1276 1252 1364 Eurip.
1298 1276 1481 1344 Herc.
1527 1277 1646 1345 fur.
1697 1301 1755 1345 v·
1804 1280 1931 1347 296
1980 1301 2089 1366 pro

1024 1455 1187 1535 ἥξειν
1235 1455 1497 1540 νομίζεις
1546 1455 1749 1525 παῖδα
1795 1459 1899 1523 σὸν
1945 1459 2141 1536 γοιίοις
2185 1460 2358 1535 ὑπὸς

664 1643 708 1709 i.
735 1665 788 1711 e.
834 1664 984 1708 num
1038 1646 1109 1708 tu
1166 1646 1348 1729 putas
1407 1640 1604 1706 filium
1665 1646 1841 1706 tuum
1902 1642 1981 1707 ab
2032 1641 2241 1707 inferis
2293 1641 2723 1708 adscensurum

668 1787 831 1844 esse,
896 1763 1122 1844 ὑπὲρ,
1184 1762 1465 1849 legentiS.
1558 1761 1729 1842 Quid
1768 1783 1909 1826 vero
1953 1761 2076 1826 iam
2131 1761 2272 1826 inde
2324 1761 2399 1827 ab
2454 1761 2724 1828 Homero

662 1886 729 1951 in
774 1884 1001 1951 talibus
1045 1882 1331 1948 usitatius
1378 1903 1560 1967 quam
1607 1882 1771 1947 ὑπὸΡ
1819 1881 1912 1947 Of.
1961 1881 2138 1947 Iliad.
2184 1881 2324 1968 Lib.
2363 1882 2558 1962 XXI,
2607 1884 2724 1949 56:

802 2042 838 2123 ἦ
885 2046 1073 2129 μοέλοι
1120 2049 1189 2122 δὴ
1238 2052 1445 2128 Τρῶες
1494 2048 1929 2130 μεγαλήτορες
1978 2045 2199 2129 οὕσπερ
2250 2046 2515 2130 ἔπεφνον

808 2162 984 2241 οιῦτις
1033 2168 1497 2243 ἀναστήσονται
1547 2168 1689 2233 ὑπὸ
1739 2166 1929 2250 ζόφου
1979 2168 2303 2251 ἠερόεντος.

763 2350 1027 2438 313⁶(31')
1080 2372 1509 2437 saepenumero
1565 2356 1669 2416 aut
1731 2351 1886 2416 male
1931 2351 2148 2438 pedem
2212 2351 2427 2417 intulit
2472 2359 2580 2418 aut
2633 2376 2732 2418 ex·

677 2472 828 2539 cidit
873 2479 996 2538 tam
1042 2478 1181 2538 ante
1228 2493 1410 2556 quam
1456 2477 1598 2557 post
1635 2495 1679 2535 οι
1718 2477 1779 2536 et
1812 2470 1863 2537 δ.
1958 2471 2142 2551 Quod
2184 2494 2364 2536 nemo
2414 2471 2734 2537 mirabitur

680 2593 787 2678 qui
842 2592 1184 2658 meminerit
1247 2592 1423 2658 hasce
1479 2592 1689 2657 literas
1740 2591 2150 2658 inexercitatis
2196 2591 2384 2658 oculis
2432 2617 2507 2656 οιι
2556 2598 2616 2658 et
2665 2592 2731 2657 δι

678 2714 910 2780 similes
970 2712 1182 2779 videri.
1276 2713 1350 2777 In
1411 2712 1609 2799 Longi
1680 2712 2084 2777 Pastoralibus
2149 2735 2285 2799 pag.
2354 2716 2477 2777 153
2547 2712 2737 2779 Coun-

679 2835 874 2899 rierus
942 2855 1250 2921 perperam
1328 2832 1523 2898 edidit
1589 2831 1901 2898 ἐπιθέσθαι
1975 2831 2208 2910 διέγνω
2278 2833 2362 2913 τῷ
2437 2830 2734 2912 Δοέφνιδι.

686 2953 873 3019 Recte
913 2952 1028 3018 viri
1075 2953 1241 3018 docti
1287 2951 1794 3040 praepositionem
1830 2953 2127 3020 delerunt.
2189 2953 2414 3018 Eadem
2448 2953 2521 3018 de
2563 2976 2742 3018 causa

691 3074 931 3160 saepius
975 3074 1383 3139 confuderunt
1429 3072 1806 3156 οὶρποὶζειν
1856 3080 1917 3138 et
1963 3071 2453 3155 διοιρποὶζειν,
2525 3074 2741 3138 οὶπει-

692 3195 1016 3260 nervom
1082 3195 1271 3282 (quod
1321 3216 1431 3277 per
1488 3215 1549 3259 se
1594 3187 1889 3259 {vitiosum
1935 3199 2028 3259 est
2071 3218 2212 3260 nam
2259 3193 2478 3259 Graeci
2530 3182 2743 3261 οὶπει-

693 3324 867 3382 ).εῑν
916 3314 1222 3401 dicebant)
1271 3320 1333 3379 et
1378 3313 1834 3379 διοιπειλεῖσθοιι
1883 3319 1996 3380 etc.

786 3436 864 3501 In
910 3435 1309 3521 quorumdam
1371 3433 1669 3499 Codicum
1725 3406 2023 3521 scriptura
2068 3434 2152 3499 δι’
2190 3436 2401 3520 (aeque
2454 3456 2523 3498 ac
2571 3434 2641 3507 δὴ
2690 3439 2751 3499 et

699 3557 759 3638 δρ
833 3554 906 3620 de
977 3555 1199 3639 quibus
1267 3553 1566 3619 videndus
1635 3558 1728 3618 est
1793 3553 2038 3618 Bastius
2105 3555 2178 3618 ad
2242 3553 2425 3640 Greg.
2474 3576 2535 3639 p.
2588 3556 2751 3633 711,

698 3673 844 3739 Tab.
894 3672 1052 3752 VII,
1107 3675 1213 3758 14)
1262 3672 1365 3737 vix
1411 3672 1815 3759 distinguitur
1870 3673 1946 3739 ab
1993 3673 2094 3751 ἐξ.
2185 3671 2331 3737 Non
2380 3678 2782 3758 perspectam‘

699 3794 1003 3860 habebant
1048 3798 1280 3858 veteres
1328 3793 1521 3857 critici
1573 3793 1963 3873 mendorum,
2028 3815 2183 3877 quae
2227 3792 2369 3857 inde
2416 3793 2754 3869 fluxerunt,

704 3914 1031 3999 originem,
1094 3912 1301 3998 itaque
1361 3912 1524 3998 apud
1576 3912 2040 3994 Casaubonnm,
2102 3910 2480 3991 Bentleium‚
2541 3910 2755 3976 Porso-

703 4056 877 4113 num,
918 4031 1262 4098 Dobraeum
1306 4032 1408 4096 vix
1451 4032 1729 4097 invenias
1760 4032 1976 4097 idonea
2022 4031 2516 4096 emendationum
2560 4051 2756 4095 exem-

709 4153 828 4240 pla.
919 4153 1100 4234 Quod
1145 4153 1241 4218 illi
1285 4152 1658 4238 reliquerunt
1705 4152 1959 4239 perfecit
2001 4150 2302 4231 CobetuS,
2363 4150 2472 4236 qui
2517 4173 2589 4216 ex
2644 4149 2759 4214 hoc
