3320 5169
1569 564 1648 627 15

571 780 766 839 totam
813 774 1178 840 sententiam
1226 773 1586 840 obscuravit.
1680 773 1875 839 Cuius
1913 774 2003 839 rei
2047 774 2114 838 in
2157 779 2419 839 mentem
2466 772 2638 838 venit

571 893 835 958 nitidum
884 894 1249 980 exemplum.
1341 890 1454 958 Est
1506 891 1678 956 locus
1740 891 1904 978 apud
1962 892 2320 959 Libanium:
2393 890 2637 977 (Reiske

571 1012 712 1093 ΠΙ,
762 1036 822 1099 p.
875 1016 999 1078 261
1056 1013 1190 1093 περὶ
1235 1018 1343 1078 τοῦ
1389 1011 1700 1097 τάπητος)
1747 1009 1903 1078 οὕτω
1959 1011 2084 1094 γὰρ
2131 1011 2441 1092 αἰσχύνης
2499 1012 2631 1076 ἐστὶ

570 1133 640 1197 τὸ
687 1135 966 1212 πρᾶγμα
1017 1131 1252 1212 μεστὸν
1296 1130 1442 1195 ὥστ’
1473 1133 1595 1212 οὐχ
1639 1131 1931 1213 ὁρώμενος
1984 1131 2010 1195 ὅ
2054 1132 2137 1213 τῷ
2181 1130 2421 1206 ‘rotz-nrt
2465 1155 2632 1212 περι-

569 1252 773 1317 πεσὼν
825 1255 1281 1331 καταγελᾶται
1346 1250 1528 1329 μόνον
1582 1252 1763 1319 ἀλλὰ
1814 1249 1933 1321 κᾶν
1987 1252 2071 1324 εἷς
2123 1248 2223 1321 οὓς
2273 1248 2631 1333 ἀφίκηται,

568 1371 939 1454 γραφόντων
999 1374 1059 1436 ἐν
1125 1383 1202 1456 τῇ
1269 1371 1503 1459 διανοίᾳ
1570 1376 1715 1436 τῶν
1787 1371 2244 1437 ἀκουόντων
2302 1371 2372 1436 τὸ
2429 1395 2632 1453 πρατ-

566 1490 844 1569 τόμενον.

658 1611 815 1693 Quis
878 1618 1004 1678 tam
1067 1612 1288 1677 obtuso
1349 1590 1451 1676 est.
1500 1610 1748 1701 ingenio
1811 1615 1880 1674 ut
1926 1609 2028 1674 hic
2072 1610 2231 1677 nihil
2276 1610 2634 1676 mutandum

568 1753 695 1796 esse
741 1724 1114 1796 contendat?
1206 1730 1298 1796 Tu
1363 1752 1603 1795 mecum
1652 1724 1829 1794 crede
1873 1724 2105 1794 Cobeto
2160 1726 2244 1802 εἷς
2298 1754 2324 1795 o
2346 1722 2423 1802 ὗς
2476 1728 2633 1813 ἀφί-

567 1873 754 1925 κηται
794 1850 1110 1936 reponenti
1153 1856 1214 1914 et
1252 1848 1486 1914 'videbis
1530 1848 1619 1914 sic
1667 1847 1873 1914 omnia
1909 1855 2072 1919 recte
2107 1849 2449 1934 procedere.
2514 1848 2632 1914 Sed

566 1967 682 2033 hoc
728 1968 861 2034 ὁδοῦ
915 1966 1245 2049 πάρεργον.

657 2088 921 2154 Afferam
968 2108 1132 2155 nunc
1177 2087 1347 2152 locos
1388 2086 1625 2171 aliquot
1658 2108 1812 2171 quos
1848 2109 1916 2151 ea
1956 2086 2190 2153 ratione
2229 2108 2416 2173 quam
2450 2110 2631 2174 supra

567 2205 837 2271 indicavi
883 2205 1144 2272 feliciter
1179 2205 1577 2272 emendarunt
1616 2205 2044 2286 casaubonus,
2089 2206 2428 2288 Bentleius‚
2454 2206 2630 2272 Valc-

565 2325 882 2392 kenaerius
929 2348 1175 2412 quoque
1192 2375 1208 2404 ,
1259 2325 1433 2390 cuius
1470 2326 1869 2392 Cor-ollonium
1911 2328 2184 2395 criticum
2208 2325 2520 2392 Diatribae
2562 2328 2631 2392 in

569 2444 880 2532 Euripidis
954 2445 1287 2532 fragmenta
1368 2446 1668 2512 adiectum
1755 2448 2104 2512 etiamnunc
2184 2446 2627 2533 philologorum

565 2563 785 2630 studiis
845 2564 1155 2651 quantivis
1218 2572 1309 2631 est
1372 2565 1572 2653 pretii.
1669 2565 1919 2632 Habent
1977 2566 2138 2632 enim
2199 2565 2312 2631 hoc
2371 2564 2625 2636 Valcke-

561 2685 750 2751 naerii
798 2685 1022 2772 scripta
1067 2685 1130 2750 in
1179 2686 1420 2772 paucis,
1470 2693 1551 2752 ut*
1588 2686 1841 2751 minime
1878 2686 2131 2751 verbosa
2191 2708 2389 2771 neque
2444 2686 2625 2751 densa

561 2805 954 2872 minutiarum
1001 2805 1305 2892 farragine
1351 2805 1597 2893 oppleta
1640 2828 1840 2871 rerum
1899 2805 2100 2894 capita
2154 2806 2387 2891 ubique
2432 2805 2623 2871 admi-

559 2908 737 2990 rabili
783 2923 1041 3010 quadam
1090 2929 1218 2989 arte
1267 2931 1576 3010 exponant
1611 2925 1686 3010 1).

646 3041 780 3107 Iam
835 3042 1228 3109 inventorum
1286 3064 1502 3129 agmen
1562 3043 1748 3108 ducat
1818 3042 2048 3130 optima
2108 3042 2454 3110 coniectura
2510 3043 2622 3110 Ca·

557 3161 812 3228 sauboni
882 3185 1002 3248 quo
1074 3184 1251 3228 nemo
1311 3161 1490 3247 plura
1550 3162 1889 3250 elegantius
1948 3163 2315 3230 emendavit.
2405 3164 2622 3229 Exstat

554 3281 716 3366 apud
778 3281 1163 3347 Athenaeum
1229 3279 1393 3366 (XV,
1458 3283 1617 3362 699,
1683 3283 1752 3368 f.)
1816 3281 2217 3368 fragmentum
2277 3281 2614 3369 elegiacum

553 3399 886 3465 Alexandri
948 3399 1153 3466 Aetoli
1216 3406 1324 3465 τοῦ
1388 3399 2115 3484 τραγῳδιοδιδοισκοὶλου,
2176 3401 2343 3468 haud
2385 3400 2617 3488 illepidi

551 3525 762 3607 poetae
808 3526 1103 3605 quantum
1143 3542 1217 3585 ex
1254 3520 1469 3608 paucis
1508 3521 1779 3608 reliquiis
1816 3521 2075 3588 iudicari
2107 3529 2326 3610 potest.
2385 3522 2616 3609 Depin-

550 3638 717 3725 gitur
761 3640 1074 3722 ποιρῳδιῶν
1124 3643 1378 3719 ποιητής
1427 3666 1521 3716 τις
1573 3641 1946 3710 Siciliensis:

621 3987 659 4059 ¹)
715 3985 986 4060 Imprimis
1028 3985 1201 4042 multa
1239 4004 1340 4059 me⁴
1363 3985 1612 4042 didicisse
1654 3989 1839 4058 gratus
1885 4003 2115 4058 agnosco
2148 4004 2215 4042 ex
2254 3988 2461 4044 Schedia
2496 3987 2612 4043 elus

545 4077 741 4131 criticis
775 4072 832 4128 in
867 4072 1139 4145 privatum
1176 4092 1334 4132 usum
1371 4072 1687 4146 conscriptis
1731 4091 1866 4146 quae
1910 4090 2116 4134 summa
2150 4072 2405 4147 religione
2449 4092 2613 4134 asser-

544 4162 745 4216 vantur
770 4159 827 4215 in
860 4157 1197 4215 Bibliotheca
1220 4158 1744 4232 Lugduno-Batava.
1801 4157 2038 4227 Quarum
2073 4157 2454 4215 humanissime
2480 4160 2612 4218 mihi

544 4246 749 4319 copiam
782 4244 913 4301 fecit
947 4245 1032 4301 vir
1067 4244 1407 4302 doctissimus
1436 4245 1500 4302 G.
1525 4245 1599 4306 N.
1623 4243 1700 4299 du
1723 4243 1864 4299 Rieu
1892 4241 2259 4300 Bibliothecae
2291 4246 2610 4319 praefectus.
