3320 5169
1482 504 1650 586 '73

576 741 651 806 de
698 739 1053 827 corporibus
1097 737 1517 803 muliebribus,
1613 735 1854 801 Vitium
1894 740 2308 822 pervetustum
2353 754 2484 799 esse
2530 758 2632 821 pa-

577 867 668 926 tet
712 883 786 925 ex
833 860 1058 926 Athen.
1104 882 1244 946 pag.
1294 861 1422 922 504
1464 880 1529 937 c,
1579 857 1684 922 ubi
1736 858 1858 921 iam
1904 861 2229 942 comparet.

665 980 909 1046 Nomen
972 977 1424 1044 substantivum
1472 976 1667 1057 κύριος
1716 957 1868 1064 (Ῑῖἆ)
1934 973 2282 1061 saepissime
2343 997 2379 1038 a
2423 972 2633 1039 scribis

576 1099 781 1183 inepte
826 1098 891 1161 in
936 1096 1126 1161 libros
1169 1096 1478 1160 invectum
1539 1101 1652 1160 est.
1744 1094 2080 1159 Vocativus
2139 1092 2304 1174 κύριε
2355 1078 2474 1180 (ἷῖ)
2522 1095 2633 1159 im-

575 1217 788 1303 primis
848 1221 995 1281 noto
1054 1214 1574 1302 pronuntiationis
1637 1213 1791 1279 vitio
1848 1214 2116 1278 nascitur
2159 1236 2233 1278 ex
2284 1214 2442 1280 κάί.’
2505 1216 2633 1297 Qui

577 1359 741 1402 error
796 1337 861 1400 in
910 1336 1089 1400 Sacra
1150 1333 1496 1420 Scriptura,
1567 1333 1915 1420 praesertim
1977 1333 2044 1397 in
2098 1333 2166 1399 V.
2191 1334 2262 1399 Τ.
2309 1340 2433 1400 tam
2481 1334 2632 1399 levis

577 1464 667 1521 est
714 1479 897 1543 quam
945 1456 1327 1521 excusabilis
1421 1455 1632 1520 Simile
1687 1455 1835 1540 quid
1900 1454 2123 1519 accidit
2182 1456 2287 1542 pio
2334 1456 2631 1520 monacho

578 1575 687 1660 qui
735 1599 920 1661 quum
965 1577 1032 1640 in
1079 1576 1284 1640 codice
1324 1575 1624 1640 Athenaei
1664 1574 1913 1659 legisset
1961 1581 2094 1646 νῆες
2128 1599 2196 1639 κε
2241 1597 2420 1640 naves
2463 1576 2633 1662 quin-

576 1720 689 1783 que
723 1703 782 1760 et
823 1697 1066 1779 vzfflnti,
1111 1696 1434 1776 oscitanter
1467 1695 1853 1781 depingeret:
1904 1701 2039 1768 νῆες
2078 1694 2242 1774 κύριε
2279 1695 2323 1760 i.
2350 1717 2403 1761 e.
2427 1717 2632 1761 naves».

576 1839 608 1881 o
653 1815 944 1880 Domine!

663 1932 886 2000 Postea
931 1933 1182 1998 eandem
1228 1931 1737 1997 abbreviationem
1777 1933 2146 2019 usurpabant
2183 1956 2293 2020 pro
2331 1933 2631 1998 adiectivo

577 2051 797 2133 κύριος.
892 2051 1072 2116 Unde
1120 2052 1350 2116 factum
1396 2058 1468 2115 ut
1511 2052 1735 2115 formas
1776 2051 1996 2131 κύριοι,
2049 2053 2248 2132 κυρίοιι
2303 2040 2446 2137 (ἴοι,
2496 2041 2629 2140 ιἰἷιῖ)

577 2179 715 2237 ante
762 2172 864 2236 noel
920 2179 1224 2256 tamquam
1279 2172 1724 2258 dittographias
1777 2173 2200 2258 expunxerint.
2298 2173 2454 2239 Vide
2498 2197 2549 2241 e.
2577 2198 2628 2241 c.

576 2291 780 2356 locum
827 2290 1086 2357 Luciani
1125 2291 1192 2355 in
1228 2291 1630 2376 Tyrannicida
1678 2292 1712 2376 ᾧ
1753 2295 1868 2357 1οε
1918 2293 2097 2356 ἀλλά
2137 2292 2353 2356 πάντά
2395 2295 2626 2374 εἰρήνης

578 2411 792 2490 μεστὰ
824 2410 929 2474 καὶ
977 2410 1211 2482 πάντες
1260 2413 1310 2474 οἱ
1363 2411 1527 2486 νόμοι
1554 2460 1737 2475 .....
1775 2410 1878 2475 καὶ
1928 2390 2489 2493 ἐλευθερι’ἀ’σάφὺς
2524 2415 2630 2480 καὶ

578 2531 965 2612 δημοκρατία
1008 2530 1273 2608 βέβαιος
1322 2532 1425 2595 καὶ
1475 2530 1675 2610 γάμοι
1733 2532 2092 2613 ἀνύβριστοι
2140 2547 2371 2597 κ.’τ.λ.
2423 2534 2532 2599 ubi
2578 2537 2632 2601 οἱ

580 2651 745 2729 νόμοι
796 2673 977 2715 suum
1025 2651 1141 2716 sibi
1186 2652 1553 2716 adiectivum
1598 2652 1983 2716 vehementer
2035 2654 2372 2737 requirunt.
2464 2653 2634 2719 Salu-

577 2775 701 2833 tem
749 2768 956 2834 attulit
1010 2770 1102 2833 vir
1147 2769 1358 2834 doctus
1405 2768 1817 2833 rescribendo:
1865 2770 1915 2832 οἱ
1967 2768 2133 2846 νόμοι
2187 2755 2278 2835 soi
2328 2771 2629 2856 (κύριοι)

489 2949 497 2957 ,
576 2888 680 2953 καὶ
732 2893 847 2953 etc.
928 2957 933 2962 .

665 2989 866 3087 Quam
914 3004 1167 3069 ridicule
1221 3007 1345 3071 labi
1391 3007 1589 3092 possit
1635 3007 1743 3091 qui
1788 2992 1892 3070 T—(J
1943 3007 2108 3091 quod
2154 3008 2460 3093 significat
2505 3008 2628 3081 υἱὸς

573 3110 872 3212 acceperit
912 3147 1018 3210 pro
1057 3124 1292 3209 integro
1334 3124 1627 3189 vocabulo
1662 3124 1759 3188 vel
1795 3125 1968 3210 pueri
2006 3125 2368 3210 intelligant.
2418 3127 2631 3191 Istius-

573 3246 744 3310 modi
783 3246 942 3310 enim
977 3244 1228 3327 ἀκρισίᾳ
1271 3245 1385 3308 filii
1410 3245 1668 3308 familias
1707 3245 1871 3329 frugi
1903 3253 1963 3307 et
1987 3243 2356 3310 abstinentes
2388 3252 2632 3332 repente

571 3389 706 3430 sues
768 3365 948 3444 facti3
1021 3365 1305 3454 quodque
1359 3364 1541 3429 etiam
1589 3363 1947 3427 insolentius
1995 3371 2121 3438 est,
2181 3363 2335 3449 regii
2382 3365 2630 3428 iuvenes

570 3486 837 3551 evadunt
883 3484 989 3568 qui
1036 3492 1175 3548 ante
1220 3484 1390 3570 porci
1435 3488 1624 3548 erant.

659 3605 1120 3690 Inspiciendum
1186 3625 1316 3669 e.c.
1382 3602 1578 3689 Apoll.
1642 3603 1829 3688 Soph.
1879 3602 2085 3669 Lexic.
2132 3603 2319 3670 Hom.
2366 3604 2431 3669 in
2481 3627 2627 3669 voce

566 3726 1115 3806 ἀνάκτορίιρσι
1166 3723 1272 3788 ubi
1317 3724 1405 3788 ita
1450 3724 1706 3808 legimus
1747 3726 1832 3808 1):

656 3846 1083 3927 ἀνάκτορίῃσι,
1152 3853 1294 3915 ταῖς
1343 3849 1448 3907 τοῦ
1499 3844 1733 3908 ἀνοίκτο
1753 3828 1905 3930 υ(ος)
1958 3840 2076 3908 οἷον
2139 3851 2243 3910 τοῦ
2297 3845 2621 3909 δεσπότου·

531 3966 899 4041 Δδειπνήσεις
962 3964 1079 4044 ἅμ’
1113 3967 1315 4029 ὑεσσιν
1383 3964 1811 4046 ἀνακτορίῃσιν
1867 3964 2098 4028 ἑπέσθω
2150 3964 2291 4051 (Od.
2341 3965 2416 4029 Ο.
2468 3968 2622 4050 397)

633 4211 672 4280 ³)
729 4206 874 4265 Edit.
910 4170 1080 4264 B'ekk.
1124 4207 1279 4262 1833.
