3320 5169
1572 520 1656 582 45

582 754 879 798 summam
924 729 1355 809 πειθοινοὶγκην
1401 729 1585 796 habet
1629 728 1971 796 emendatio
2016 727 2289 794 Elmsleii
2342 728 2432 814 (in
2478 729 2644 796 Mus.

582 851 956 938 cantabrig.)
1027 851 1342 929 ἕΓεγήθει.
1462 849 1650 932 Quod
1725 849 1886 915 idem
1954 848 2179 936 reperit
2247 848 2404 914 Cob.
2477 849 2645 934 (Var.

580 969 750 1036 Lect.
830 993 894 1057 p.
960 973 1136 1056 103).
1246 968 1411 1035 Nam
1470 968 1822 1059 ‘praesentis
1897 975 1960 1032 et
2034 968 2375 1054 imperfecti
2453 969 2649 1034 forma

579 1089 766 1156 huius
844 1088 1013 1155 verbi
1093 1088 1257 1176 apud
1332 1088 1576 1154 Atticos
1655 1111 1779 1153 non
1864 1087 2127 1154 occurrit
2189 1090 2263 1174 1).
2385 1088 2650 1154 Dubitat

581 1208 937 1274 Dindorfius
1000 1208 1290 1293 (Praefat.
1352 1208 1500 1274 edit.
1566 1208 1795 1295 quint.)
1866 1208 1966 1273 cui
2035 1209 2390 1295 scrupulum
2447 1207 2650 1274 iniicit

579 1327 845 1414 Ohoeph.
897 1329 1055 1394 ⁷722

939 1476 1175 1559 ἄνωχθ’
1206 1475 1340 1543 ὅσον
1390 1477 1687 1558 τοὶχιστοι
1736 1478 2006 1560 γηθούσῃ
2052 1480 2229 1561 φρενὶ

580 1683 736 1745 quae
784 1659 965 1724 lectio
1020 1666 1224 1725 tamen
1271 1659 1439 1725 valde
1485 1660 1719 1725 incerta
1763 1659 2018 1726 videtur.
2495 1744 2504 1753 .

670 1779 870 1844 Facile
917 1788 972 1843 Π
1024 1778 1294 1845 nascitur
1338 1801 1412 1844 cx
1458 1788 1573 1852 ΓΙ,
1626 1787 1720 1842 TI
1762 1779 1897 1844 vice
1944 1802 2116 1844 versa
2174 1779 2227 1843 si
2278 1780 2389 1845 hae
2437 1778 2644 1846 literae

575 1919 697 1962 non
746 1898 905 1964 iusto
953 1897 1272 1965 intervallo
1321 1903 1697 1984 separantur.
2120 1974 2124 1979 .

671 2018 869 2100 Quale
916 2025 1006 2083 est
1052 2018 1270 2084 vitium
1318 2018 1481 2103 quod
1527 2016 1815 2083 turbabat
1844 2017 2006 2082 'olim
2059 2016 2260 2083 locum
2308 2017 2644 2083 Pausaniae

580 2135 748 2221 (Lib.
797 2135 940 2215 III,
987 2138 1142 2224 Cap.
1201 2139 1304 2223 14)
1351 2137 1458 2202 ubi
1500 2136 1778 2223 Heringa
1824 2141 2028 2201 noster
2073 2159 2148 2202 ex
2192 2135 2415 2202 vitiosa
2457 2137 2642 2225 scrip-

575 2262 714 2321 tura
760 2263 1265 2335 ΕΝΑΠΛΔΩΝ
1315 2257 1492 2322 docte
1539 2256 1756 2322 elicuit
1794 2257 1853 2321 ἐν
1891 2258 2204 2336 ’Λγιοιδῶν
2241 2257 2443 2342 (Obss,
2487 2257 2640 2323 Crit.

575 2399 637 2462 p.
697 2377 873 2461 201).
971 2376 1130 2441 Vide
1178 2375 1555 2463 Hesychium
1605 2377 1671 2441 in
1715 2399 1885 2442 voce.

610 2544 629 2569 ,,
667 2494 943 2560 Similem
991 2518 1249 2561 errorem
1296 2495 1694 2582 deprehendit
1738 2517 1997 2582 magnus
2049 2496 2360 2562 Porsonus
2406 2496 2471 2561 in
2519 2496 2643 2561 Eu·

576 2614 793 2701 ripidis
847 2615 1199 2681 Phoenissis
1257 2638 1316 2681 V.
1369 2618 1534 2683 1277
1604 2618 1766 2703 (pag.
1822 2619 1948 2681 338
1998 2617 2142 2703 ed.).
2232 2616 2436 2683 Verba
2497 2624 2640 2682 sunt

575 2733 781 2798 nuntii
826 2732 903 2798 ad
949 2732 1263 2800 Iocasten:

799 2916 952 2979 ἀλλ’
984 2913 1041 2979 εἴ
1085 2914 1202 2978 τιν’
1231 2914 1432 2987 οὶλκὴν
1479 2913 1512 2990 ἢ
1563 2914 1793 2995 σοφοὺς
1845 2912 2017 2994 ἔχεις
2063 2912 2291 2993 λόγους

801 3034 834 3109 ἢ
884 3033 1102 3116 φίλτρ’
1142 3034 1410 3114 ἐπῳδῶν,
1463 3033 1678 3114 στεῖχ’
1718 3033 2005 3113 ἐρήτυσον
2050 3032 2242 3097 τέκνοο

800 3154 994 3227 δεινῆς
1045 3151 1365 3232 οὶμίλλης,
1417 3153 1491 3224 ὡς
1550 3151 1576 3215 ὃ
1629 3151 1895 3224 κίνδυνος
1948 3150 2161 3230 μέγας

799 3273 938 3338 καὶ
988 3267 1271 3339 τᾶθλοο
1320 3268 1525 3348 δεινοὶ,
1573 3270 1811 3351 δοέκρυοὶ
1859 3294 1949 3335 σοι
1999 3271 2337 3350 γενήσεται

798 3393 1028 3460 δισσοῖν
1076 3392 1358 3475 στερείσῃ
1389 3395 1440 3480 2)
1487 3392 1624 3476 τῇδ’
1659 3393 1721 3456 ἐν
1770 3389 1967 3475 ἡμέρᾳ
2013 3390 2268 3455 τέκνοιν.

646 3588 868 3654 Ultimi
894 3611 1099 3655 versus
1135 3595 1208 3653 ut
1237 3612 1403 3654 nunc
1429 3590 1720 3676 leguntur
1741 3611 1869 3655 non
1889 3594 2029 3675 apte
2060 3589 2401 3657 cohaerent.
2449 3588 2634 3672 Quod

571 3707 802 3795 optime
848 3708 1006 3773 vidit
1058 3703 1528 3774 Valckenaerius
1537 3736 1556 3789 3
1622 3708 2024 3796 expungendo
2067 3731 2207 3775 vero
2267 3709 2631 3777 medicinam

569 3826 744 3892 affert
790 3826 971 3893 nimis
1017 3826 1372 3895 violentam.
1464 3825 1798 3894 Contendit
1857 3825 1964 3892 κοιὶ
2020 3821 2230 3893 τᾶθλα
2294 3853 2329 3894 a
2373 3830 2629 3918 Tragico

639 4103 682 4172 ¹)
740 4100 822 4158 cf.
858 4100 1118 4174 Hesychii
1154 4100 1360 4174 glossa:
1400 4097 1769 4173 ἐγεγῆθει,
1813 4096 2057 4173 ἔχαιρεν.

637 4197 681 4269 ²)
737 4196 821 4253 Ex
856 4197 1162 4256 coniectura
1196 4197 1406 4255 Reiskii
1441 4216 1536 4272 pro
1581 4198 1838 4271 στερήσῃ.
1910 4200 2131 4258 Malunt
2165 4200 2259 4258 alii
2293 4199 2559 4270 στερήσει.
