3320 5169
1548 525 1628 587 85

568 736 757 800 αὐτὸν
822 736 928 800 ὑπ’
969 733 1183 803 ἄλλων
1234 741 1357 820 οὐχ
1417 740 1521 804 ὑπ’
1578 738 1818 804 ἐκείνων
1884 734 2026 802 ἔδει.
2118 733 2340 800 Editur
2383 737 2623 798 tamen:

568 880 656 921 πε
674 880 702 937 ρ
719 881 736 920 ι
752 859 1143 939 πεμφθῆναι.

656 976 872 1042 Paullo
941 978 1100 1045 infra
1165 981 1243 1046 ad
1309 1004 1368 1047 v.
1418 984 1578 1049 2152
1653 982 1809 1045 ἀλλ’
1861 977 1987 1056 ἄγε
2047 979 2118 1052 δὴ
2186 976 2272 1041 τα
2335 974 2623 1058 χρήματ’

568 1096 916 1183 ἀριθμήσω]
968 1100 1089 1180 οὐχ
1146 1101 1221 1172 ὥς
1275 1100 1681 1182 μικρολόγος,
1749 1102 1901 1165 ἀλλ’
1942 1101 2011 1164 ἐκ
2074 1099 2292 1164 τούτου
2356 1120 2625 1174 τεκμαι-

569 1215 814 1297 ρόμενος
877 1221 927 1283 εἶ
975 1219 1081 1283 καὶ
1136 1221 1307 1301 περὶ
1360 1222 1470 1294 τὴν
1519 1222 1783 1299 ἀγωγὴν
1828 1227 1939 1294 τῆς
1989 1219 2280 1300 πατρίδος
2331 1218 2628 1293 ἠδίκησαν

572 1335 781 1401 αὐτόν.
877 1338 971 1403 Tu
1017 1360 1253 1404 mecum
1299 1341 1534 1429 corrige
1580 1342 1799 1423 παρὰ
1848 1342 1959 1415 τὴν
2006 1341 2292 1421 ἀγωγήν.

661 1459 975 1546 Aristoph.
1035 1460 1188 1526 Ran.
1253 1485 1309 1527 v.
1363 1466 1531 1527 1068
1593 1485 1730 1529 cum
1787 1464 2075 1528 Piersono
2120 1462 2197 1526 ad
2240 1459 2435 1525 Moer.
2489 1481 2627 1546 pag.

574 1580 725 1644 416.
773 1602 848 1644 ex
892 1579 1039 1646 cod.
1085 1580 1287 1647 Vatia.
1334 1582 1750 1669 recipiendum
1797 1589 1917 1647 est:

576 1743 691 1808 κᾶν
722 1750 935 1809 ταῦτα
967 1744 1167 1824 λέγων
1201 1746 1607 1830 ἐξαπατήσῃ,
1662 1749 1829 1830 περὶ
1878 1750 2018 1821 τοὺς
2063 1749 2242 1828 ἰχθῦς
2292 1746 2631 1826 ἀνέκυψεν.

664 1924 836 1988 Idem
890 1925 1075 2012 habet
1120 1926 1516 2007 ScholiasteS,
1576 1929 1683 2013 qui
1744 1929 1953 1994 laudat
1999 1928 2383 2014 Eupolidem.
2476 1926 2627 1990 Vul-

577 2049 781 2130 gatam
825 2045 1145 2109 lectionem
1193 2054 1400 2112 tuetur
1445 2047 1780 2114 DobraeuS.

668 2161 743 2225 In
760 2163 1034 2228 Platonis
1053 2165 1350 2251 Symposio
1364 2190 1421 2253 p.
1443 2170 1565 2230 221
1592 2169 1665 2231 B.
1683 2166 1954 2232 Socrates
1979 2166 2324 2253 depingitur
2338 2167 2404 2230 in
2427 2187 2632 2251 pugna

578 2282 741 2368 apud
765 2282 1115 2349 Potidaeam
1159 2286 1401 2367 ,Ιῆρέμα
1445 2312 1588 2366 παρ
1610 2291 1899 2352 ασκοπῶν
1935 2287 2041 2350 καὶ
2080 2287 2220 2358 τοὺς
2260 2285 2481 2365 φίλους
2526 2283 2632 2348 καὶ

578 2402 719 2497 τοὺς
766 2403 1172 2480 πολεμιόυς.”
1234 2407 1480 2471 Temere
1526 2409 1741 2472 Astius
1790 2407 2198 2493 adstipulante
2243 2405 2632 2470 Hermanno:

576 2529 1060 2604 περισκοπῶνς
1112 2547 1262 2610 quos
1307 2527 1524 2592 merito
1577 2550 1698 2593 non
1756 2533 1996 2593 secutus
2041 2531 2135 2591 est
2178 2524 2636 2590 StallbaumiuS.

664 2644 980 2710 Praeterea
1043 2646 1216 2725 παρὰ
1267 2652 1329 2710 et
1376 2647 1546 2728 περὶ,
1613 2648 1725 2728 πρὸ
1777 2654 1837 2711 et
1893 2647 2039 2726 πρὸς
2087 2646 2349 2710 invicem
2396 2666 2633 2730 permu-

574 2768 784 2828 tantur
845 2767 1008 2849 (cum
1070 2762 1196 2831 ἀπὸ
1262 2773 1322 2831 et
1383 2767 1484 2832 ἐπὶ
1536 2767 1677 2832 vide
1731 2768 1960 2852 supra).
2052 2765 2234 2846 Quod
2279 2771 2482 2828 tamen
2528 2761 2636 2826 ali·

576 2889 807 2966 quanto
851 2885 1046 2951 rarius
1093 2888 1372 2972 reperias».

663 3001 951 3088 Exemplo
1020 3005 1103 3068 sit
1170 3003 1341 3069 locus
1416 3006 1482 3069 in
1558 3005 1844 3092 Xenoph.
1914 3005 2238 3069 Memorab.
2301 3002 2363 3083 I,
2434 3005 2468 3089 ᾧ
2521 3006 2626 3067 22.

574 3120 681 3201 5ρῶ
748 3120 808 3185 δὲ
874 3121 980 3185 καὶ
1043 3123 1183 3194 τοὺς
1252 3124 1336 3194 εἷς
1402 3123 1785 3202 φιλοποσίαν
1843 3121 2333 3203 παραχθέντας
2409 3120 2627 3206 (Codd.

575 3241 1078 3326 προαχθέντας)
1127 3267 1185 3306 κ.
1208 3266 1267 3307 τ.
1294 3259 1354 3307 λ.
1409 3244 1513 3308 ubi
1561 3266 1805 3307 manum
1843 3241 2151 3328 scriptoris
2197 3240 2471 3304 restituit
2514 3238 2626 3303 Co·

575 3359 750 3424 betus
798 3359 992 3446 (Nov.
1038 3362 1206 3426 Lect.
1252 3386 1314 3449 p.
1351 3365 1524 3448 685).
1618 3361 1793 3426 Idem
1837 3362 2045 3426 eadem
2092 3382 2272 3446 opera
2317 3365 2522 3423 monet
2556 3358 2629 3422 de

573 3475 888 3544 Demosth.
936 3480 1214 3546 Prooem.
1265 3505 1402 3568 pag.
1458 3484 1625 3546 1458
1676 3481 1883 3568 Steph.
1934 3481 2041 3545 ubi
2091 3479 2341 3545 confusa
2393 3477 2629 3543 videbis

576 3622 621 3660 π
636 3596 932 3677 ροοὶγειν,
979 3601 1232 3665 incitare
1277 3608 1338 3665 et
1385 3602 1697 3681 παράγειν
1746 3602 1810 3665 in
1838 3603 2135 3688 fraudem
2182 3601 2477 3664 inducere.

576 3716 713 3781 ὑπό
775 3722 837 3781 et
897 3719 1073 3800 ὑπὲρ
1145 3726 1515 3785 commutata
1584 3727 1757 3801 sunt,
1830 3728 1898 3786 ut
1968 3721 2223 3807 passim,
2294 3721 2358 3782 in
2416 3718 2628 3803 Eurip.

574 3833 728 3901 Hec.
775 3859 837 3903 v.
887 3840 1036 3904 665.

931 3957 1037 4021 καὶ
1085 3960 1205 4036 μὴν
1254 3961 1504 4038 περῶσα
1551 3959 1867 4039 τυγχάνει
1919 3959 2113 4038 δόμων
2166 3959 2312 4039 ὑπὲρ

937 4074 1060 4152 ἥδε.

576 4193 680 4259 ubi
726 4195 982 4261 Codices
1028 4199 1305 4263 nonnulli
1351 4199 1639 4265 exhibent
1686 4200 1811 4263 οέπὸ
1861 4205 1922 4264 et
1970 4199 2132 4263 ὑπό.
