3320 5169
1495 554 1580 614 49

614 765 840 830 Athen.
889 763 1058 828 XIII
1074 814 1092 844 ,
1142 787 1201 849 p.
1252 763 1378 828 570
1427 761 1470 826 f.
1518 761 1581 825 in
1631 761 1957 847 archetypo
2001 760 2317 836 Marciano
2362 767 2483 827 est:

834 934 1006 999 θεὸν
1054 934 1123 999 τὸ
1172 932 1421 1010 μεταξὺ
1469 931 1640 1011 μετὰ
1690 931 1970 1013 κορίσκης
2021 932 2054 1009 ἢ
2102 932 2274 1013 μετα

834 1052 1261 1135 χαμαιτύπης
1309 1053 1419 1126 τὴν
1471 1051 1669 1117 νύκτα
1717 1053 2075 1131 κοιμᾶσθαι.

523 1233 1034 1320 wyttenbachius
1098 1233 1196 1317 (ad
1257 1232 1421 1296 Plut.
1469 1231 1686 1296 Moral.
1735 1255 1794 1317 p.
1847 1234 1882 1295 5
1930 1232 2031 1317 Β.)
2089 1231 2303 1297 suadet
2363 1234 2580 1298 θεῖον

524 1352 795 1429 μεταξύ.
892 1350 948 1415 Ο
994 1352 1311 1438 profanum
1362 1344 1792 1415 'commentum
1854 1351 1962 1416 tali
2026 1351 2159 1418 viro
2226 1351 2579 1440 indignum!

525 1472 754 1536 Verum
791 1471 950 1536 vidit
995 1469 1336 1534 Iacobsius:
1386 1464 1420 1532 ὅ
1433 1493 1566 1534 σον
1613 1471 1682 1533 τὸ
1732 1469 2005 1547 μεταξύ.
2056 1470 2270 1535 Iocose
2305 1471 2402 1536 vir
2447 1473 2584 1537 doc·

527 1597 659 1671 tus,
710 1589 818 1675 qui
869 1596 1184 1673 utramque
1231 1589 1642 1654 coniecturam
1691 1596 2176 1667 commemorat„
2224 1590 2586 1654 sententiam

528 1731 700 1773 suam
744 1707 991 1772 ascribit
1037 1707 1251 1771 iisdem
1299 1707 1499 1771 verbis
1548 1729 1723 1772 usus:
1773 1705 1907 1771 ὅσον
1955 1708 2023 1772 τὸ
2072 1706 2364 1784 μεταξύ]

617 1827 739 1890 Vix
785 1826 907 1891 dici
952 1832 1156 1912 potest
1201 1832 1353 1911 quot
1395 1825 1545 1889 locis
1599 1826 1922 1890 Oratorum
1985 1826 2287 1912 imprimis
2342 1831 2402 1891 et
2450 1826 2586 1891 Pla·

529 1947 692 2011 tonis
760 1944 959 2010 fraudi
1032 1945 1214 2008 fuerit
1280 1943 1618 2009 similitudo
1683 1966 1898 2008 vocum
1958 1951 2205 2010 OCIOC
2255 1940 2463 2030 (ὅσιος)
2527 1950 2590 2009 et

533 2072 786 2144 ΘΕΙΟΟ
862 2064 1065 2149 (θεῖος)
1138 2085 1274 2127 cum
1345 2062 1653 2128 derivatiS.
1762 2061 2038 2143 Quorum
2114 2085 2383 2129 errorum
2450 2085 2588 2149 pars

533 2185 770 2250 sublata
803 2190 918 2263 est,
962 2206 1100 2270 pars
1136 2182 1349 2247 invitis
1395 2182 1625 2249 criticis
1665 2182 1969 2247 editorum
2013 2183 2144 2249 sive
2187 2182 2593 2269 incogitantia

535 2304 665 2368 sive
711 2303 1141 2389 superstitione
1186 2301 1462 2387 religiose
1518 2310 1903 2387 propagatur.
1996 2302 2382 2388 Quamquam
2441 2301 2593 2388 quid

535 2423 774 2488 facilius
821 2429 911 2487 est
961 2443 1145 2506 quam
1213 2421 1370 2485 clare
1439 2421 1774 2485 discernere
1835 2421 1993 2486 inter
2056 2417 2213 2494 ὅσιος
2277 2428 2338 2486 et
2401 2421 2552 2493 θεῖος
2574 2471 2593 2501 ,

539 2564 695 2627 quae
756 2541 916 2627 quod
963 2540 1273 2606 literarum
1320 2539 1540 2605 ductus
1588 2540 1807 2605 attinet
1863 2563 2006 2606 sane
2051 2546 2198 2606 sunt
2246 2540 2592 2621 simillima,

537 2683 654 2725 usu
722 2666 783 2725 et
853 2660 1297 2745 significatione
1366 2681 1506 2723 vero
1575 2659 1750 2724 valde
1812 2660 2117 2746 disparia?
2200 2659 2420 2732 ’Όσιος
2487 2659 2592 2725 καὶ

536 2780 799 2859 δίκαιος,
846 2802 976 2845 e.c.
1027 2775 1184 2852 ὅσιος
1237 2779 1343 2844 καὶ
1398 2779 1651 2856 νόμιμος
1703 2784 1775 2842 ut
1828 2779 2297 2866 coniungantur,
2352 2780 2597 2846 Graeci-

539 2900 684 2964 tatis
729 2906 978 2963 naturae
1026 2920 1361 2984 congruum
1410 2899 1515 2963 sed
1563 2901 1713 2970 θεῖος
1772 2899 1878 2962 καὶ
1948 2899 2214 2972 δίκαιος,
2276 2901 2427 2973 θεῖος
2488 2899 2594 2965 καὶ

540 3019 793 3098 νόμιμος
866 3041 987 3084 non
1049 3019 1216 3083 item.
1328 3019 1515 3081 Recte
1577 3018 1768 3102 igitur
1827 3019 1946 3082 iam
2003 3018 2465 3086 Valckenaerius
2531 3021 2599 3084 in

540 3139 792 3203 Schedis
838 3137 1068 3202 criticis
1115 3137 1180 3200 in
1226 3135 1518 3201 Dinarchi
1566 3137 1836 3201 oratione
1875 3143 2084 3202 contra
2117 3138 2600 3225 Aristogitonem

542 3259 625 3345 (p.
688 3259 808 3324 107
857 3257 897 3321 l.
966 3257 1073 3340 32)
1145 3278 1255 3341 pro
1318 3255 1421 3320 καὶ
1484 3256 1571 3334 μὴ
1640 3256 1961 3335 προδοῦναι
2032 3256 2141 3330 τὴν
2212 3257 2419 3323 θείαν
2491 3257 2597 3322 καὶ

543 3376 702 3462 (τὴν)
752 3375 990 3454 εὔορκον
1042 3379 1259 3454 ψῆφον
1306 3374 1581 3461 reposuit
1625 3378 1737 3450 τὴν
1785 3375 2019 3441 ὁσίαν.

630 3492 708 3558 In
778 3493 937 3557 idem
1004 3491 1228 3556 incidit
1295 3492 1607 3558 Dobraeus
1681 3494 1959 3580 (AdverS.
2016 3494 2085 3576 I,
2146 3519 2207 3583 p.
2270 3497 2423 3584 315)
2495 3498 2603 3583 qui

541 3613 717 3699 plura
764 3611 1036 3697 exempla
1081 3611 1267 3675 huius
1314 3612 1693 3677 confusionis
1737 3613 2130 3700 conquisivit.

631 3732 825 3797 Thuc.
875 3730 1014 3811 ΙΙΙ,
1065 3730 1212 3817 Cap.
1263 3732 1344 3794 82
1394 3754 1530 3796 cum
1576 3732 1696 3797 alia
1741 3740 1875 3798 tum
1920 3734 2067 3799 haec
2099 3735 2283 3800 verba
2327 3741 2605 3822 corrupta

546 3859 728 3917 sunt:
777 3888 866 3901 —
911 3850 1017 3915 καὶ
1079 3850 1196 3923 τὰς
1249 3852 1306 3923 ἐς
1362 3854 1537 3932 σφᾶς
1593 3852 1820 3925 αὐτοὺς
1873 3853 2117 3927 πίστεις
2165 3858 2240 3920 οὐ
2290 3857 2383 3937 τῷ
2431 3855 2604 3937 θείῳ

546 3970 749 4051 νόμῳ
800 3972 1048 4049 μᾶλλον
1109 3970 1505 4051 ἐκρατύνοντο
1561 3972 1595 4048 ἢ
1654 3975 1741 4055 τῷ
1793 3984 1956 4057 κοινῇ
2013 3999 2074 4039 τι
2134 3983 2602 4055 παρανομῆσαι.

547 4092 756 4174 Quae,
828 4090 1117 4175 quoniam
1187 4090 1262 4156 de
1329 4093 1630 4158 sententia
1688 4099 1960 4173 constat,
2019 4094 2403 4180 probabiliter
2464 4119 2609 4161 con-

551 4208 836 4275 iectando
897 4209 1165 4275 multum
1227 4209 1537 4277 sublevare
1581 4219 1788 4298 posset
1848 4212 2098 4297 aliquis,
2161 4220 2321 4279 certa
2379 4215 2613 4283 medela

2313 4338 2342 4378 4
