3320 5169
1039 1452 1507 1552 'CAPUT
1586 1451 2139 1551 PRIMUM.

1441 1779 1810 1793 -——.—-——

1719 1993 1813 2043 Res
1846 1994 1975 2043 enim
2012 1996 2125 2043 aunt
2169 2008 2368 2059 parvae,
2414 2009 2560 2061 prope
2594 1994 2647 2044 in

1787 2076 1997 2140 singulis
2019 2076 2181 2126 literis
2203 2081 2344 2143 atque
2371 2077 2645 2144 interpunc-

1785 2158 1998 2209 tionibus
2032 2159 2287 2210 verborum
2319 2164 2589 2226 occupatae.

2046 2242 2149 2293 Cic.
2185 2258 2270 2307 pro
2304 2243 2439 2295 Mur.
2473 2242 2544 2294 11.

669 2434 744 2498 In
791 2435 1225 2500 vetustissimis
1283 2434 1455 2499 libris
1515 2432 1694 2499 MSS.
1751 2434 2134 2520 singulorum
2179 2434 2505 2500 verborum
2552 2436 2643 2500 in·

583 2553 927 2641 terpunctio
973 2554 1097 2620 fere
1141 2553 1309 2619 nulla
1364 2558 1527 2635 erat,
1586 2552 1798 2619 literae
1844 2553 2116 2619 unciales
2160 2560 2449 2641 perpetua
2494 2555 2645 2621 serie

583 2673 1123 2753 continuabantur,
1194 2673 1442 2760 spiritus
1510 2679 1570 2738 et
1635 2678 1919 2738 acc-entus
1987 2674 2254 2739 deerant.
2346 2673 2641 2761 Exemplo

583 2799 904 2879 supersunt
970 2793 1107 2858 libri
1176 2792 1494 2880 papyracei
1560 2792 1677 2857 hoc
1734 2792 1974 2857 saeculo
2028 2791 2249 2858 Thebis
2321 2793 2643 2880 Aegyptiis

580 2913 880 3000 imprimis
947 2919 1008 2978 et
1067 2912 1397 2978 Herculani
1456 2911 1717 2998 reperti3
1788 2910 2227 2977 membranacei
2274 2911 2641 2992 VaticanUS‚

580 3032 943 3114 SinaiticuS‚
993 3031 1406 3097 Octateuchus
1451 3030 1823 3111 VossianuS,
1884 3030 1986 3094 alii
2047 3030 2401 3117 complures
2496 3031 2640 3096 Sen-

580 3150 695 3215 sim
741 3157 946 3216 autem
991 3150 1487 3236 pedetentimque
1534 3172 1666 3214 mos
1712 3148 2004 3234 antiquus
2049 3149 2203 3214 abiit
2248 3150 2313 3215 in
2359 3150 2639 3217 desuetu-

579 3271 802 3339 dinem.
894 3270 1238 3358 Ooeperunt
1278 3270 1344 3335 in
1389 3271 1686 3335 lectorum
1725 3269 2110 3336 commodum
2149 3269 2423 3357 singulas
2463 3292 2639 3335 voces

578 3390 914 3456 intervallis
961 3391 1335 3477 distinguere
1379 3394 1452 3454 ut
1496 3411 1659 3455 nunc
1709 3388 1969 3454 solemus
1983 3415 2003 3469 3
2050 3388 2362 3455 literarum
2407 3389 2638 3455 formae

577 3511 874 3577 rotundae
943 3511 1139 3575 factae
1210 3509 1284 3574 ab
1340 3507 1648 3596 angulosis
1709 3514 1782 3574 ut
1840 3532 1964 3575 uno
2016 3509 2206 3576 ductu
2254 3516 2640 3577 exararentur

577 3652 718 3695 cum
786 3629 1290 3716 praecedentibus
1352 3634 1412 3693 et
1474 3627 1984 3713 subsequentibus
2037 3628 2309 3695 eiusdem
2353 3629 2635 3696 vocabuli

575 3754 789 3835 sponte
828 3748 1384 3835 coniungebantur;
1431 3753 1715 3814 accentus
1754 3753 1816 3813 et
1852 3747 2105 3835 spiritus
2142 3749 2405 3835 denique
2418 3800 2437 3830 ,
2483 3748 2633 3814 olim

573 3867 703 3934 sine
773 3870 994 3933 damno
1062 3869 1306 3948 omissi,
1376 3869 1625 3954 posthac
1694 3868 1760 3933 in
1829 3868 1987 3933 diem
2052 3875 2351 3934 crescente
2415 3869 2632 3933 veteris

571 3987 817 4074 linguae
862 3987 1105 4051 inscitia
1150 3988 1481 4073 legentium
1528 4011 1597 4053 ac
1643 3988 2116 4075 praelegentium
2176 3988 2385 4054 turbae
2430 4012 2629 4054 neces·

570 4106 796 4171 sarium
865 4114 1035 4171 erant
1095 4106 1481 4192 praesidium.
1575 4107 1677 4171 Sic
1734 4107 1964 4172 factum
2027 4114 2097 4172 ut
2165 4106 2403 4172 saeculo
2463 4132 2628 4175 nono

567 4249 629 4312 p.
661 4223 805 4291 Chr.
837 4248 900 4291 n.
947 4226 1201 4311 antiqua
1248 4225 1547 4312 scriptura
1584 4225 1815 4312 ubique
1847 4249 1920 4291 ex
1955 4226 2266 4291 communi
2314 4227 2625 4296 hominum
