3320 5169
1676 529 1759 590 58

687 759 924 805 summa
982 738 1326 805 constantia
1387 739 1547 825 apud
1593 740 1844 805 Veteres
1902 739 2132 807 milites
2190 741 2480 808 dicuntur
2525 743 2741 823 εὐψύ-

686 882 821 939 χως
868 856 1234 940 μάχεσθαι,
1287 859 1608 940 εὐψύχως
1655 859 2102 942 ἀγωνίζεσθαι,
2136 862 2403 950 fortiter
2438 886 2747 946 puqnane,

667 980 935 1067 sortiter
999 988 1230 1045 certare
1244 1009 1271 1059 ,·
1353 981 1632 1063 ἀτυχῶς
1711 978 2039 1060 μάχεσθαι
2118 1003 2419 1067 nusquam
2492 983 2745 1068 legitur,

687 1100 857 1185 quod
923 1099 1131 1166 sciam.
1221 1101 1468 1165 Etenim
1536 1122 1660 1164 non
1730 1100 1931 1186 ipsum
1999 1101 2299 1188 proelium
2365 1101 2574 1167 infelix
2642 1103 2748 1168 ha·

686 1218 861 1284 betur
925 1242 960 1283 a
1028 1219 1266 1306 populis
1333 1219 1595 1285 fortibus
1660 1225 1723 1284 et
1791 1218 2089 1285 bellicosis
2159 1220 2265 1284 sed
2331 1221 2536 1286 tristes
2604 1221 2747 1287 belli

672 1338 853 1402 vices
894 1343 957 1402 et
1017 1345 1291 1404 eventus.

774 1453 1089 1520 Caeterum
1134 1456 1298 1542 apud
1342 1454 1657 1536 Oratores,
1698 1455 1860 1543 apud
1904 1456 2373 1522 Demosthenem
2416 1458 2746 1544 imprimis,

688 1574 979 1657 quaedam
1049 1574 1183 1640 loca
1248 1580 1570 1660 supersunt
1632 1574 1744 1639 ubi
1805 1575 2032 1661 optima
2094 1599 2188 1640 res
2250 1582 2343 1640 est
2404 1577 2584 1641 huius
2642 1577 2747 1642 ob·

686 1694 1040 1758 servationis
1101 1695 1164 1759 in
1226 1701 1494 1781 tempore
1554 1695 1921 1760 meminisse.
2013 1693 2188 1761 Licet
2249 1696 2411 1761 enim
2476 1697 2748 1763 cuiusvis

687 1813 769 1878 sit
836 1814 1171 1881 discernere
1236 1816 1397 1880 inter
1462 1816 1724 1880 animum
1792 1821 1854 1879 et
1913 1819 2262 1900 fortunam,
2333 1816 2522 1879 nimia
2582 1816 2747 1880 festi·

684 1933 851 1998 natio
900 1941 1103 2001 tamen
1148 1940 1212 1998 et
1258 1957 1437 1999 saeva
1481 1957 1662 2019 quam
1709 1934 1975 2021 plurima
2036 1934 2254 1999 edendi
2301 1934 2528 2021 cupido
2581 1935 2747 2000 haud

683 2075 818 2118 raro
867 2059 1076 2118 acutos
1122 2053 1383 2118 editores
1430 2054 1626 2117 coecis
1671 2053 1874 2117 reddit
1920 2054 2162 2118 similes,

776 2172 920 2236 Vidi
981 2172 1287 2239 interdum
1349 2172 1510 2256 apud
1578 2172 2038 2258 lexicographos
2100 2173 2364 2257 perfecta
2421 2172 2744 2252 εἶληχέναι

687 2297 749 2355 et
796 2290 1122 2371 εἰληφέναι
1172 2291 1441 2355 confusa.
1537 2291 1770 2356 Dubito
1819 2297 2018 2355 tamen
2073 2315 2148 2355 an
2211 2315 2285 2356 ex
2345 2293 2748 2357 similitudine

687 2414 742 2491 φ
790 2416 849 2474 et
895 2433 946 2489 χ
996 2416 1175 2475 natus
1229 2411 1309 2473 sit
1370 2432 1553 2475 error.
1645 2411 1808 2474 Nam
1859 2410 2067 2474 aoristi
2115 2434 2358 2496 quoque
2402 2418 2746 2497 permutan-

687 2535 789 2595 tur
838 2530 937 2617 (cf.
986 2529 1137 2598 Gob.
1183 2531 1346 2596 Nov.
1397 2529 1565 2596 Lect.
1614 2554 1676 2617 p.
1728 2531 1904 2615 558).

779 2659 828 2714 Φ
877 2656 940 2715 et
994 2660 1046 2714 'r
1105 2672 1344 2735 quoque
1406 2649 1564 2713 inter
1627 2672 1691 2713 se
1749 2648 2041 2714 confundi
2111 2648 2423 2733 exquisito·
2480 2648 2751 2736 exemplo

689 2791 784 2833 me
829 2769 1038 2834 docuit
1068 2767 1551 2833 ValckenaeriuS.
1644 2768 1724 2832 In
1748 2790 1868 2852 quo
1910 2768 2296 2832 memorando
2328 2769 2632 2854 praesenti
2657 2791 2751 2833 ca-

686 2887 805 2973 piti
836 2889 1018 2952 finem
1066 2888 1311 2974 impono
1344 2892 1403 2952 et
1426 2888 1602 2952 laetis
1628 2887 1916 2973 auspiciis
1957 2910 2051 2951 me
2075 2888 2359 2974 accingor
2382 2887 2457 2951 ad
2495 2889 2750 2972 reliqua.

777 3004 991 3070 Servat
1053 3008 1400 3072 Athenaeus
1474 3007 1700 3091 (XIII,
1762 3030 1901 3093 pag.
1952 3010 2079 3071 594
2129 3006 2196 3092 f.)
2271 3007 2753 3092 pulcherrimum

688 3124 1096 3211 fragmentum
1163 3126 1519 3192 Dicaearchi
1592 3127 1668 3192 de
1731 3133 2124 3191 monument-o
2182 3126 2579 3212 Pythionices
2638 3134 2749 3201 τῆς

688 3252 913 3319 κωλῆς.
1009 3245 1211 3311 Locus
1270 3245 1554 3311 laudatus
1616 3246 1705 3310 ita
1760 3245 2004 3332 incipit.
2065 3246 2261 3308 τωύτὸ
2312 3244 2374 3308 δὲ
2423 3244 2603 3310 πάθοι
2655 3270 2750 3318 τις

688 3364 766 3430 ἂν
818 3366 917 3430 ἐπὶ
969 3368 1080 3440 τὴν
1111 3365 1446 3441 Ἀθηναίων
1503 3363 1684 3429 πόλιν
1736 3363 2189 3445 ἀφικνούμενος
2239 3365 2407 3428 κατὰ
2470 3366 2581 3438 τὴν
2633 3367 2752 3430 ἀπ’

689 3488 1042 3557 Ἐλευσῖνος
1104 3486 1214 3557 τὴν
1276 3485 1442 3565 ἱερὰν
1499 3484 1622 3548 ὁδὸν
1684 3482 2092 3562 καλουμένην.
2146 3483 2251 3547 καὶ
2310 3483 2434 3563 γὰρ
2484 3465 2758 3549 ἐινι-οιῦθικο

690 3604 1026 3675 καταστὰς
1074 3598 1153 3667 οὗ
1207 3602 1299 3667 ἂν
1356 3600 1389 3684 ᾖ
1446 3602 1516 3667 τό
1565 3608 1797 3681 πρῶτον
1829 3604 1869 3688 ζὸ
1913 3611 2024 3676 τῆς
2058 3605 2323 3676 Ἀθηνᾶς
2357 3605 2752 3683 ἀφορώμενος

689 3727 830 3796 νεὼς
881 3724 987 3788 καὶ
1046 3720 1116 3788 τὸ
1167 3722 1456 3801 πόλισμα
1503 3721 1732 3802 ὄψεται
1784 3724 1959 3804 παρὰ
2018 3724 2128 3797 τὴν
2184 3721 2311 3787 ὁδὸν
2361 3725 2555 3798 αὐτὴν
2604 3724 2751 3804 ᾠκο-

692 3845 1031 3923 δομημένον
1062 3852 1288 3922 μνῆμαι
1341 3867 1398 3907 κ.
1434 3868 1493 3907 τ.
1530 3857 1590 3907 λ.
1687 3842 1762 3907 In
1814 3844 1909 3907 his
1958 3840 1991 3925 ᾖ
2019 3842 2521 3922 -οὶφορώμενος
2571 3844 2755 3909 Grae·

690 3988 827 4030 cum
874 3986 999 4027 non
1049 3970 1160 4029 est.
1251 3961 1405 4027 Cum
1460 3961 1898 4027 Valckenaerio
1959 3960 2332 4026 revocandae
2392 3968 2570 4026 erunt
2636 3967 2756 4026 tres

690 4083 898 4147 literae
957 4082 1255 4168 fugitivae
1324 4104 1474 4167 quas
1537 4080 1773 4167 expulit
1842 4080 2135 4145 similium
2196 4079 2502 4146 vicinitas,
2593 4071 2756 4146 Nam

692 4201 1098 4266 Dicaearchus
1144 4202 1418 4267 dederat:
1471 4208 1581 4265 OT
1632 4206 1753 4263 AN
1803 4207 2090 4266 ΦΑΝΗΙ.
