3320 5169
1639 475 1723 541 46

657 687 842 759 scribi
901 710 1024 753 non
1084 686 1359 774 potuisse
1412 692 1474 752 et
1519 692 1681 752 recte
1729 685 1832 751 ille
1886 685 2175 771 quoniam
2219 679 2405 751 οἶθλον
2454 710 2529 754 ex
2573 685 2717 756 ἄεθ-

656 822 762 871 λον
809 814 1191 873 contractum
1239 831 1281 870 α
1327 805 1510 873 habet
1555 812 1771 871 natura
1822 805 2104 891 longum,
2157 806 2449 872 articulus
2511 815 2717 875 autem

659 949 797 993 cum
854 950 896 990 α
942 926 1122 1012 longo
1169 927 1366 992 crasin
1416 925 1564 990 facit
1612 924 2016 991 durissimam.
2110 924 2263 1005 Sed,
2323 925 2465 991 licet
2524 927 2720 993 forma

660 1039 871 1112 τᾶθλα
923 1046 1129 1131 aliquo
1177 1046 1359 1112 modo
1405 1045 1677 1110 excusari
1723 1051 1785 1110 et
1830 1045 1973 1110 ferri
2017 1051 2257 1131 posset,
2306 1047 2446 1130 quis
2492 1069 2528 1110 a
2571 1046 2719 1113 Por-

659 1189 806 1231 sono
867 1165 1214 1235 admonitus
1273 1188 1396 1230 non
1440 1164 1619 1229 facile
1664 1163 1784 1229 sibi
1836 1164 2222 1251 persuadebit
2281 1164 2509 1250 ipsum.
2531 1166 2719 1231 istum

661 1287 986 1352 articulum
1031 1287 1228 1351 solum
1277 1285 1597 1350 verborum
1640 1307 1867 1350 nexum
1913 1283 2306 1349 obscurasse?
2380 1284 2539 1349 Mihi
2586 1285 2722 1370 qui-

662 1407 797 1473 dem
852 1405 1162 1491 egregium
1224 1404 1466 1469 videtur
1517 1404 1840 1468 inventum
1902 1409 1962 1468 et
2020 1403 2242 1468 summi
2297 1403 2416 1467 viri
2475 1403 2723 1490 ingenio

664 1525 1088 1611 dignissimum
1150 1531 1570 1587 ΚΑΠΑΘΛΛ
1638 1523 1704 1587 id
1772 1529 1865 1588 est
1910 1521 2253 1604 κᾶπαθλα,
2326 1521 2492 1606 quod
2538 1523 2726 1588 miror

662 1643 1017 1710 Nauckium
1076 1643 1141 1708 in
1203 1643 1469 1708 editione
1521 1666 1630 1707 sua
1683 1665 1876 1729 neque
1921 1642 2217 1729 recepisse
2262 1665 2457 1729 neque
2503 1664 2724 1707 memo-

663 1786 846 1830 rasse.
937 1764 1124 1828 Recte
1169 1762 1655 1850 interpungendo
1702 1762 2128 1847 unusquisque
2186 1761 2486 1848 intelliget
2556 1761 2725 1826 Euri-

664 1883 871 1971 pidem
916 1883 1188 1949 dedisse:

937 2080 1328 2098 ..........
1362 2033 1439 2102 ὥς
1489 2031 1516 2095 o‘
1565 2029 1830 2102 κίνδυνος
1880 2028 2125 2108 μέγας,
2176 2068 2266 2081 -

938 2153 1246 2218 κᾶπαθλα
1293 2150 1500 2226 δεινοὶ,
1550 2149 1789 2232 δάκρυά
1838 2174 1929 2215 σοι
1984 2151 2322 2228 γενήσεται

938 2273 1166 2338 δισσοῖν
1215 2271 1497 2353 στερείσῃ
1543 2271 1680 2353 τῇδ’
1711 2272 1772 2335 ἐν
1822 2269 2023 2353 ἡμέρα
2067 2269 2323 2336 τέκνοιν.

668 2469 902 2533 Revera
949 2468 1180 2552 trayica
1226 2472 1317 2532 est
1359 2468 1510 2532 haec
1555 2470 1722 2548 ῥῆσις
1771 2489 1847 2532 en
1891 2467 1958 2531 in
2003 2465 2215 2553 paucis
2260 2467 2683 2554 pulcherrima.

760 2599 785 2652 Ι
834 2593 898 2654 et
942 2598 987 2651 P
1037 2587 1328 2653 confundi
1382 2587 1695 2652 ostendam
1741 2586 2016 2673 exempla
2060 2586 2362 2652 afferendo
2417 2609 2492 2652 ex
2537 2584 2732 2652 aureis

669 2707 947 2773 Piersoni
1008 2706 1530 2773 observationibus
1593 2707 1669 2771 ad
1714 2706 2069 2771 Moeridem.
2162 2705 2456 2770 Mendum
2513 2713 2610 2770 est
2657 2728 2732 2770 ex

672 2826 1099 2911 antiquissima
1166 2825 1463 2911 scriptura
1543 2826 1709 2910 quod
1781 2848 1902 2890 non
1972 2824 2251 2890 librarios
2317 2831 2560 2890 tantum
2628 2825 2735 2890 sed

672 2945 1099 3033 grammaticos
1146 2945 1333 3010 etiam
1386 2951 1449 3010 et
1494 2945 1954 3033 lexicographos
2000 2943 2260 3009 subinde
2305 2944 2544 3011 fefellit.
2619 2945 2735 3009 Po·

676 3065 800 3130 suit
845 3064 1191 3152 Hesychius
1238 3087 1352 3129 sua
1398 3064 1583 3139 serie:

1198 3247 1274 3311 Ὀ
1292 3269 1372 3328 τρ
1389 3245 1416 3311 ε’
1433 3271 1475 3312 α
1525 3247 1622 3333 (L.
1675 3243 1910 3331 Οὒρέα)
1960 3243 2222 3325 ἡμίονον.

1189 3366 1282 3464 'fo
1301 3391 1330 3447 ρ
1348 3393 1377 3435 ε
1396 3391 1466 3433 σι
1514 3364 1878 3448 προβάτοις.

774 3543 950 3620 Olea-1
1000 3550 1160 3611 recte
1205 3545 1537 3611 Piersonus
1586 3545 1707 3631 (ed.
1753 3568 1894 3632 pag.
1942 3547 2119 3629 274).

772 3664 946 3730 Idem
1013 3663 1359 3751 Hesychius
1426 3663 1710 3732 exhibetz
1782 3663 2148 3747 ῥερπίδα,
2218 3656 2261 3743 ᾧ
2322 3666 2394 3731 τὸ
2458 3670 2579 3748 πῦρ
2646 3668 2744 3731 ἐκ·

685 3782 962 3860 καίουσις
1009 3783 1174 3850 idem
1218 3783 1547 3852 Piersonus
1592 3785 1874 3867 ῥειπίδα,
1923 3783 2157 3866 ῥιπίδα.

775 3904 928 3990 Pag.
978 3905 1103 3969 128
1151 3904 1362 3970 eodem
1409 3906 1590 3970 modo
1627 3905 1907 3971 emendat
1940 3905 2349 3992 fragmentum
2393 3907 2749 3997 Aristopha-

687 4023 784 4089 nis
822 4023 984 4111 apud
1023 4025 1445 4092 Ammonium:
1495 4025 1815 4107 διέφθορας
1864 4026 1970 4092 τὸν
2008 4022 2225 4108 ὅρκον
2274 4030 2466 4109 ἡμῶν.
2526 4029 2753 4096 Suadet

691 4144 831 4211 ille:
879 4144 984 4209 τὸν
1027 4140 1149 4211 οἷκ
1169 4168 1195 4211 ο
1215 4169 1271 4210 ν.
1361 4145 1683 4220 Caeterum
1739 4146 1916 4231 plura
1968 4169 2044 4212 ex
2090 4147 2205 4214 hoc
2250 4170 2466 4236 genere
2510 4148 2754 4236 collegit
