3320 5169
1536 541 1621 600 43

549 758 701 824 lum.
788 755 1126 844 Egregium
1186 751 1530 839 exemplum
1584 750 1771 816 habes
1820 751 1886 815 in
1932 750 2152 816 Dionis
2196 750 2609 839 Chrysostomi

552 877 723 944 Orat.
769 875 1003 956 LXIV,
1051 898 1114 961 p.
1164 876 1325 954 341,
1372 871 1627 936 Reiske:
1679 873 1712 946 ἦ
1758 870 1966 952 τύχη.
1994 920 2049 937 ..
2076 920 2089 936 .
2143 872 2373 954 Κροίσῳ
2403 872 2606 938 δίδωσι

551 998 808 1080 χρυσὸν,
859 993 1198 1076 Κανδαύλῃ
1243 1000 1558 1072 γυναῖκα,
1610 991 1959 1074 Ἀριστείδῃ
2016 991 2423 1071 δικαιοσύνην,
2469 1003 2609 1059 Λοι-

553 1116 957 1196 κεδοιιμονίοις
1000 1115 1140 1189 τὴν
1186 1113 1502 1189 Αθηναί
1518 1138 1608 1177 ων
1653 1112 2007 1177 adnarrant.
2106 1115 2308 1180 Acute
2343 1113 2418 1181 L.
2458 1113 2611 1181 Din-

554 1239 810 1304 dorfius:
863 1236 1084 1322 (Praef.
1130 1236 1207 1300 ad
1250 1236 1329 1301 D.
1375 1258 1514 1322 pag.
1565 1233 1815 1320 XXVI)
1864 1234 2378 1314 Λακεδαιμονίοις
2425 1244 2605 1316 γῆν,

553 1359 895 1434 Ἀθηναίοις
946 1357 1301 1424 θάλατταν.
1350 1353 1515 1421 Nam
1552 1355 1865 1441 genitivus
1897 1355 2106 1441 procul
2139 1355 2325 1422 dubio
2360 1356 2614 1423 debetur

554 1478 708 1544 male
776 1478 989 1544 sedulo
1058 1475 1398 1542 correctori.
1497 1475 1729 1539 Eodem
1775 1474 1954 1540 modo
2000 1476 2250 1543 fortasse
2292 1483 2612 1564 peccatum

554 1603 645 1663 est
692 1596 894 1663 Schol.
943 1597 1021 1662 ad
1065 1595 1283 1683 Odyss.
1333 1603 1375 1662 Ξ
1424 1617 1480 1659 v.
1529 1597 1681 1659 222.

644 1715 850 1803 ἔργον]
905 1717 939 1792 ἧ
989 1715 1306 1797 γεωργίαι,
1368 1715 1519 1779 obn-b
1565 1720 1715 1788 τῆς
1766 1712 1796 1778 ἔ
1814 1738 1978 1794 ροος.
2031 1713 2149 1787 τοὶς
2201 1714 2326 1795 γὰρ
2380 1715 2607 1791 λοιπὰς

554 1836 812 1919 προέξεις
861 1835 1020 1918 ἔργα
1066 1835 1330 1918 φάο-κων
1377 1835 1404 1900 ὃ
1454 1836 1710 1910 ποιητὴς
1773 1834 2128 1915 προστίθησι
2188 1834 2609 1913 διοισημοοίνων

555 1960 631 2030 ὥς
683 1956 859 2038 ἔργον
896 1957 1147 2037 νΛρηος.

642 2078 897 2144 Constat
964 2100 1107 2143 sane
1170 2077 1238 2142 in
1306 2076 1470 2143 null'a
1536 2076 1655 2141 alia
1714 2099 1778 2141 re
1847 2077 2089 2163 turpius
2150 2076 2273 2143 labi
2341 2076 2612 2142 eruditos

555 2197 987 2286 grammaticos
1048 2219 1230 2282 quam
1278 2195 1344 2261 in
1391 2196 1714 2262 verborum
1759 2195 2153 2262 derivatione.
2244 2194 2474 2282 Ingens
2519 2202 2613 2261 est

556 2317 965 2405 exemplorum
1014 2317 1190 2403 copia
1244 2323 1426 2400 atque
1472 2316 1537 2380 in
1597 2316 1760 2380 diem
1811 2323 2085 2401 augetur.
2178 2314 2611 2381 Verumtamen

555 2438 622 2502 in
668 2436 891 2502 talibus
937 2458 1178 2522 quoque
1223 2439 1367 2500 sunt
1413 2434 1561 2498 certi
1612 2434 1875 2519 denique
1920 2436 2090 2501 fines.
2182 2435 2379 2500 Nemo
2438 2435 2613 2500 facile

558 2563 685 2624 tam
733 2557 963 2622 stultus
1010 2555 1161 2642 fingi
1208 2554 1585 2642 cogitarique
1629 2554 1823 2642 possit
1857 2532 1965 2640 qui
2011 2554 2076 2619 in
2124 2553 2394 2621 animum
2440 2577 2614 2620 suum

559 2677 869 2742 induxerit
937 2675 1387 2741 substantivum
1459 2674 1634 2754 ἔργον
1706 2675 2051 2740 ducendum
2128 2697 2259 2740 esse
2335 2674 2410 2740 ab
2483 2674 2610 2756 ἔροι.

559 2798 732 2879 Quae
789 2819 866 2861 ne
922 2794 1164 2861 acutula
1224 2794 1470 2881 quidem
1517 2801 1675 2861 esset
1720 2795 2081 2861 observati0.
2175 2796 2375 2861 Multo
2421 2796 2616 2882 magis

557 2916 832 3004 suspicor
889 2915 1006 2980 hoc
1066 2915 1296 2981 scholio
1350 2920 1469 2979 τῶν
1532 2918 1665 2979 νοῦν
1726 2914 1995 2995 ἐχόντων
2061 2916 2202 2981 τινὰ
2261 2922 2386 2982 tam
2441 2916 2618 2981 docte
2649 2926 2670 2937 ⁹

558 3058 739 3121 quam
801 3057 943 3100 vere
1011 3034 1357 3100 observasse
1426 3034 1581 3116 ἔργα
1654 3036 1784 3100 sine
1842 3036 2116 3122 genitivo
2185 3037 2345 3123 apud
2413 3036 2616 3122 epicos

556 3156 833 3221 absolute
878 3154 1001 3221 dici
1048 3155 1122 3218 de
1168 3154 1568 3236 ayricultura.
1660 3154 1942 3220 Coniicio
1988 3155 2180 3240 igitur
2220 3154 2614 3219 Scholiastem

556 3279 907 3340 annotasse:

645 3393 850 3479 ἔργον]
900 3391 1000 3458 ἐπὶ
1033 3395 1080 3479 1)
1127 3381 1282 3465 Γῆς
1332 3392 1634 3472 ἐργασίαις
1687 3416 1744 3456 κ.
1779 3417 1839 3456 τ.
1874 3406 1937 3456 λ.

578 3564 581 3567 «
645 3513 947 3597 ἔργοιο-[αις
1013 3519 1215 3579 autem
1270 3514 1336 3577 in
1398 3511 1537 3594 ἔροις
1588 3513 1811 3578 abiisse
1862 3512 1929 3576 in
1977 3510 2222 3576 scholiis
2269 3510 2615 3598 marginali·

554 3634 673 3700 bus
732 3634 1160 3700 minutissimis
1223 3633 1484 3700 literulis
1543 3640 1605 3698 et
1667 3631 2091 3719 compendiose
2148 3630 2391 3718 scriptis
2437 3653 2614 3696 nemo

553 3762 625 3821 ut
670 3756 883 3842 opinor
931 3754 1266 3820 mirabitur.

643 3875 715 3940 L.
766 3873 1066 3939 Dindorfii
1135 3872 1545 3938 emendationi
1612 3872 1786 3937 aliam
1859 3871 2182 3957 quamdam
2253 3869 2614 3953 subiungam

553 3993 672 4058 nisi
726 3993 882 4058 forte
937 3999 1233 4078 occupata
1297 3997 1408 4057 est.
1502 3990 1579 4056 In
1626 3990 1941 4057 Plutarchi
2001 3990 2152 4077 Reg.
2214 3994 2275 4053 et
2327 3986 2613 4072 Imperat.

623 4227 663 4296 ¹)
721 4223 804 4281 De
841 4221 1149 4280 confusione
1186 4220 1297 4277 ἰιπὸ
1335 4226 1392 4277 et
1427 4218 1520 4277 ἐπὶ
1558 4222 1683 4278 vide
1720 4224 1849 4295 Cap.
1888 4220 1989 4278 VI.
