3320 5169
1684 514 1771 577 84

797 727 1180 792 Comissatum
1226 728 1379 790 enim
1425 727 1509 789 ad
1565 747 1691 789 eam
1745 724 1908 789 venit
1972 723 2101 788 sine
2162 723 2281 788 ullo
2340 722 2527 788 dubio
2575 722 2763 810 signi·

697 847 872 912 ficat:
921 830 1236 929 κωμάζει,
1289 845 1646 928 κωμάζουσι
1696 844 1821 924 γὰρ
1870 845 2062 924 πρὸς
2108 845 2340 918 αὐτὴν,
2392 843 2531 908 libri
2579 843 2759 908 MSS.

697 971 760 1031 et
812 966 1109 1032 editiones
1156 969 1241 1038 εἷς
1292 968 1488 1040 αὐτὴν
1537 964 1706 1050 quod
1752 965 2025 1030 defendit
2063 964 2395 1030 Dorvillius
2433 963 2496 1027 in
2528 961 2759 1028 Charit.

694 1108 757 1170 p.
803 1088 930 1149 401
971 1088 1044 1171 1).

785 1205 1081 1290 aliusque
1112 1206 1293 1271 aliud
1328 1208 1544 1270 donum
1581 1207 1789 1293 affert,
1840 1204 2069 1269 Graece
2107 1204 2364 1269 dicitur:
2413 1205 2518 1269 καὶ
2558 1202 2755 1277 ἄλλος

694 1320 857 1386 ἄλλο
919 1324 1096 1404 δῶρον
1163 1325 1578 1407 προσφέρει,
1650 1324 1888 1390 codices
1953 1322 2307 1404 ἀποφέρει.
2403 1324 2757 1390 Editoribus

695 1441 785 1505 nil
831 1442 1120 1509 suboluit.

780 1562 999 1626 Paullo
1061 1563 1251 1629 infra:
1317 1613 1332 1629 .
1363 1613 1377 1629 .
1407 1611 1422 1629 .
1453 1614 1467 1629 .
1494 1564 1758 1628 Siculam
1815 1570 2025 1628 vestem
2043 1613 2063 1643 ‚
2121 1586 2449 1649 aurumque
2511 1566 2756 1649 insuper

693 1683 749 1746 ei
793 1682 1002 1750 miztia.
1097 1683 1328 1749 Graeca
1383 1684 1530 1748 haec
1586 1682 1783 1769 magis
1841 1689 1983 1747 sunt
2055 1705 2236 1768 quam
2307 1684 2558 1749 Latina:
2644 1682 2748 1747 καὶ

691 1801 941 1881 χρυσίον
991 1803 1287 1883 ἐπὀιύτῷ
1335 1802 1608 1880 πέμπεις
1659 1802 1790 1867 sive
1837 1802 2309 1882 προσ-πέμπεις
2369 1802 2531 1887 quod
2584 1825 2750 1887 prae-

688 1929 829 1987 stat.
921 1922 1144 1988 Editur
1189 1949 1216 1987 ε
1237 1923 1255 1987 ἶ
1279 1920 1620 2000 σπέμπεις.

783 2042 955 2108 Inter
1022 2042 1378 2129 compendia
1448 2042 1672 2127 quibus
1718 2041 2115 2129 designantur
2183 2043 2401 2123 παρὰ
2462 2052 2523 2108 et
2581 2045 2743 2123 περὶ

689 2161 1012 2226 discrimen
1075 2169 1167 2224 est
1247 2162 1642 2247 perexiguum
1729 2144 1877 2244 (vg
1920 2191 2002 2217 =
2032 2160 2240 2240 παρὰ,
2312 2139 2747 2248 πεεπερί).

688 2279 931 2366 Nempe
979 2281 1043 2344 in
1089 2280 1448 2366 compendio
1505 2279 1725 2361 παρὰ
1788 2279 1966 2345 litera
2016 2304 2066 2343 π
2112 2279 2229 2344 sibi
2276 2282 2746 2368 suprascriptam

691 2399 877 2465 habet
937 2401 1195 2487 figuram
1252 2422 1408 2485 quae
1458 2400 1621 2464 valet
1680 2424 1790 2480 ικρ.
1881 2399 2139 2476 Eadem,
2209 2400 2355 2465 licet
2412 2401 2745 2487 paullulum

690 2520 1045 2599 immutata,
1126 2519 1300 2584 facile
1380 2520 1729 2606 agnoscitur
1797 2520 1858 2584 in
1928 2520 2287 2607 compendio
2356 2520 2502 2602 γὰρ
2577 2521 2743 2608 (Vid.

689 2640 836 2727 Cap.
881 2640 1055 2726 VII).
1150 2639 1426 2705 Alterum
1498 2640 1923 2726 compendium
1990 2640 2145 2704 nihil
2201 2641 2365 2705 aliud
2426 2648 2520 2705 est
2565 2664 2745 2726 quam

692 2784 739 2824 π
796 2781 935 2823 cum
985 2785 1013 2822 ε
1060 2759 1287 2822 formae
1345 2758 1728 2842 antiquioris,
1824 2758 1960 2823 Hoc
2019 2782 2054 2823 a
2112 2759 2323 2825 scribis
2375 2761 2746 2847 intelligeba-

695 2888 821 2957 tur,
868 2877 1022 2943 illud
1069 2899 1191 2941 non
1233 2876 1404 2941 item.
1498 2876 1666 2941 Hinc
1711 2878 1942 2942 factum
1990 2884 2061 2943 ut
2114 2879 2304 2944 multo
2366 2881 2746 2965 frequentius

689 2997 966 3063 invenias
1014 2997 1196 3078 περὶ
1244 3019 1355 3083 pro
1402 2996 1624 3078 παρὰ
1688 2974 1870 3083 quam
1927 2999 2144 3080 παρὰ
2208 3023 2320 3086 pro
2366 3001 2538 3082 περὶ
2586 3003 2746 3089 posi·

691 3122 846 3183 tum.
941 3116 1024 3180 Et
1071 3115 1317 3202 quidem
1363 3115 1513 3180 locis
1558 3117 1988 3204 complusculis
2040 3141 2149 3205 pro
2196 3119 2369 3200 περὶ
2418 3127 2581 3186 certa
2626 3144 2746 3186 me-

691 3235 828 3300 dela
886 3258 1169 3323 reponere
1222 3236 1438 3316 ποιρόι
1501 3241 1742 3300 tantum
1791 3259 1914 3301 non
1977 3237 2248 3302 cuiusvis
2300 3245 2392 3304 est
2406 3265 2426 3318 3
2487 3240 2555 3304 in
2606 3263 2745 3306 con·

687 3356 873 3420 trario
921 3379 1118 3421 errore
1162 3355 1508 3442 indagando
1564 3377 1706 3420 vero
1752 3356 2015 3422 maxima
2076 3358 2355 3423 cautione
2418 3381 2570 3445 opus
2616 3367 2741 3441 est,

692 3473 801 3538 ubi
847 3473 945 3538 vel
987 3474 1464 3539 eruditissimum
1515 3496 1817 3559 quemque
1862 3475 2121 3541 subinde
2167 3476 2369 3541 videas
2414 3477 2684 3544 deficere.

779 3590 859 3657 In
912 3593 1110 3660 Schol.
1168 3594 1244 3659 ad
1304 3593 1420 3659 Od.
1471 3594 1570 3674 N,
1622 3598 1782 3676 142,
1847 3618 2020 3661 nemo
2080 3618 2205 3661 non
2263 3597 2458 3682 primo
2521 3598 2745 3664 obtutu

692 3712 859 3778 videt
912 3712 1239 3800 legendum
1284 3736 1444 3780 esse:
1508 3710 1697 3793 τάχα
1747 3715 1800 3779 δ’
1831 3712 1923 3781 ὅτι
1987 3715 2093 3780 καὶ
2153 3719 2741 3800 stapam-eumdum!

759 4097 798 4167 ¹)
853 4096 1087 4165 Iniuria,
1133 4117 1258 4153 nam
1303 4098 1409 4154 loci
1456 4116 1589 4171 quos
1636 4116 1703 4153 ex
1748 4095 2103 4169 Aristophane
2149 4100 2204 4153 et
2245 4096 2411 4173 Lysia
2452 4101 2606 4157 affert
2649 4104 2744 4157 aut

688 4197 926 4256 diversae
964 4203 1188 4255 naturae
1223 4202 1352 4255 sunt
1389 4203 1483 4255 aut
1520 4217 1687 4272 aeque
1724 4196 1977 4271 corrupti.
