3320 5169
1670 507 1752 566 64

673 724 807 783 tum
854 718 920 783 in
966 717 1171 783 Schol.
1222 717 1376 782 Ven.
1425 716 1502 781 ad
1548 716 1627 781 Il.
1676 715 1762 796 β,
1814 717 1941 781 278
2004 714 2109 780 ubi
2168 736 2345 780 nemo
2388 715 2504 780 hoc
2549 735 2732 801 agens

673 860 792 902 non
840 837 1064 923 legeret
1108 835 1229 900 ἄνα
1280 836 1331 899 δ’
1362 832 1534 910 ἔστη.

762 956 1241 1042 Nonnumquam
1310 956 1492 1020 etiam
1562 976 1702 1041 pars
1771 951 2043 1039 superior
2098 976 2207 1039 pro
2273 974 2431 1018 nexu
2491 951 2700 1018 habita
2710 978 2729 1031 3

673 1075 862 1140 altera
906 1098 1015 1162 pro
1062 1099 1110 1142 ο.
1205 1075 1376 1156 Quae
1439 1096 1618 1139 aurea
1684 1079 1775 1138 est
1832 1072 2169 1138 observatio
2238 1072 2317 1138 Gr.
2367 1072 2593 1138 Koenii
2653 1072 2732 1137 ad

673 1194 857 1281 Greg.
907 1195 1045 1260 Cor.
1093 1218 1153 1281 p.
1199 1198 1344 1261 120.
1438 1194 1622 1280 Apud
1671 1193 2051 1279 Hesychium
2100 1215 2231 1258 e.c.
2279 1192 2532 1257 εὐοίαιον
2577 1192 2730 1279 legi-

674 1320 773 1379 tur
822 1337 932 1400 pro
984 1315 1244 1378 εὐδιάισν
1294 1316 1458 1400 quod
1521 1314 1726 1400 paullo
1781 1335 1961 1399 supra
2006 1311 2212 1377 habet.
2304 1312 2538 1378 Passim
2587 1334 2730 1377 con-

672 1432 808 1498 fusa
853 1439 995 1497 sunt
1039 1433 1337 1498 adiectiva
1385 1433 1614 1504 δίκαιος
1674 1439 1735 1496 et
1780 1433 1993 1502 οἰκεῖος
2063 1431 2227 1516 quod
2287 1454 2480 1518 nuper
2520 1431 2730 1516 exqui-

674 1555 792 1617 sito
853 1554 1128 1640 exemplo
1199 1554 1586 1619 confirmavit
1652 1551 2000 1617 Badhamus
2058 1550 2124 1614 in
2190 1551 2383 1616 Thuc.
2447 1552 2581 1632 111,
2646 1556 2727 1616 68

671 1671 871 1736 locum
922 1679 1274 1759 corruptum
1324 1672 1412 1736 ita
1458 1672 1873 1737 constituens:
1923 1671 2028 1733 καὶ
2085 1666 2192 1734 ὅτι
2247 1669 2493 1752 ὕστερον
2526 1709 2613 1721 -
2644 1709 2730 1722 --

675 1792 821 1855 κατ’
851 1792 1116 1864 ἐκείνας
1179 1794 1287 1857 οὐκ
1339 1791 1627 1869 ἐδέξαντο
1659 1830 1863 1841 —-—-
1907 1800 1984 1871 τῇ
2041 1792 2275 1855 ἑαυτῶν
2331 1791 2523 1873 οἰκείᾳ
2580 1791 2728 1869 βου·

669 1911 870 1986 λήσει.
943 1911 1234 1977 Eiusdem
1282 1912 1596 1999 scriptoris
1641 1911 1850 1976 eadem
1893 1911 2195 1977 medicina
2239 1912 2445 1977 locum
2494 1910 2732 1976 sanavit

669 2030 938 2096 Cobetus
984 2034 1034 2116 1)
1104 2031 1276 2118 plura
1342 2054 1415 2096 ex
1481 2032 1597 2095 hoc
1666 2053 1881 2116 genere
1943 2032 2093 2096 alias
2148 2054 2211 2096 se
2258 2033 2539 2096 daturum
2606 2030 2732 2117 pol-

667 2150 908 2214 licitus:
977 2148 1141 2234 (Lib.
1189 2148 1305 2228 IV,
1360 2152 1466 2235 15)
1514 2187 1603 2198 —
1647 2147 1850 2226 ἔδοξεν
1899 2151 2110 2223 αὐτοῖς
2158 2151 2234 2222 ὡς
2282 2150 2384 2215 ἐπὶ
2434 2150 2729 2232 ξυμφορᾷ

671 2251 932 2349 μεγάλῃ
1000 2267 1084 2331 τὰ
1146 2266 1298 2342 τέλη
1365 2265 1790 2344 καταβάντας
1861 2270 1921 2340 ἐς
1981 2271 2050 2333 τὸ
2105 2270 2521 2351 στρατόπεδον
2581 2269 2729 2347 βου-

671 2385 873 2450 λεύειν
944 2393 1348 2467 παραχρῆμα
1412 2387 1767 2467 δρῶντας
1838 2384 1964 2459 δ’,τι
2024 2387 2100 2454 ἂν
2162 2388 2326 2472 δοκῇ.
2423 2390 2534 2454 Est
2590 2412 2733 2455 sane

673 2506 904 2592 aliquid
972 2506 1132 2572 inter
1200 2507 1344 2588 δρᾶν
1415 2514 1476 2572 et
1536 2505 1679 2588 ὁρᾶν
1736 2529 2102 2593 quamquam
2149 2531 2268 2572 non
2319 2509 2602 2574 omnibus
2646 2508 2735 2573 ita

674 2628 872 2692 visum
918 2632 1008 2692 est
1048 2629 1121 2712 2).

767 2747 858 2810 De
916 2772 949 2821 n
1010 2753 1072 2811 et
1132 2770 1168 2809 κ
1233 2745 1498 2811 invicem
1568 2748 1928 2833 permutatis
1985 2747 2111 2812 dixi
2175 2747 2322 2834 Cap.
2377 2747 2504 2813 ΙΙΙ.
2596 2747 2735 2813 Ηοο

676 2872 913 2930 tantum
963 2866 1178 2930 addam
1225 2865 1292 2930 in
1337 2866 1682 2930 minuscula
1742 2866 2036 2951 scriptura
2088 2866 2388 2952 imprimis
2435 2866 2735 2931 cavendos

677 3007 806 3050 esse
862 3007 1085 3050 errores
1136 2986 1201 3049 in
1259 2984 1686 3049 coniunctione
1727 2984 2040 3050 literarum
2098 3011 2206 3064 κυ,
2253 3012 2343 3067 ην,
2396 3011 2466 3050 vv
2488 2989 2595 3073 (=
2621 2986 2733 3071 βυ)

676 3111 791 3171 etc.
884 3105 1024 3187 Qua
1070 3105 1142 3170 de
1188 3128 1249 3170 re
1297 3128 1512 3191 operae
1561 3106 1824 3192 pretium
1872 3114 1962 3171 est
2005 3107 2289 3173 adhibere
2337 3108 2587 3173 eximias
2634 3106 2737 3172 ob·

677 3226 1045 3292 servationes
1079 3226 1337 3292 Porsoni
1396 3225 1493 3308 ad·
1529 3226 1716 3292 Hom.
1764 3225 1883 3292 Od.
1934 3235 1975 3293 Ξ
2024 3249 2083 3294 v.
2133 3231 2297 3308 206,
2345 3226 2451 3292 ubi
2493 3225 2739 3292 Scholia

676 3348 826 3413 dant
870 3347 1097 3414 variam
1142 3346 1461 3413 lectionem
1516 3345 1908 3426 ἦνδαλίμοισι
1958 3369 2065 3434 pro
2113 3346 2546 3425 κυδαλίμοισι.

766 3467 974 3533 Litera
1019 3491 1035 3532 ι
1093 3466 1158 3531 in
1207 3467 1392 3533 variis
1454 3467 1624 3533 libris
1679 3465 2108 3533 diversissimis
2164 3466 2357 3531 modis
2401 3467 2736 3534 indicatur:

678 3585 1061 3667 adscribitur,
1109 3586 1527 3666 subscribitur,
1577 3586 2067 3674 suprascribitur,
2115 3609 2293 3674 saepe
2338 3587 2522 3653 etiam
2562 3589 2741 3675 plane

754 3820 793 3890 ¹)
853 3816 937 3874 Cf.
975 3816 1133 3874 Obss.
1160 3816 1218 3874 in
1255 3816 1515 3891 Hyperid.
1554 3816 1704 3874 Orat.
1738 3817 1945 3878 funebr.
1983 3811 2123 3892 15.5l
2146 3836 2254 3891 seq.
2287 3819 2382 3877 ubi
2418 3838 2470 3878 v.
2489 3839 2534 3880 c.
2571 3820 2742 3878 multa

679 3902 923 3977 exempla
958 3903 1165 3960 addidit
1200 3923 1267 3960 ex
1303 3903 1525 3960 Schedia
1558 3903 2049 3961 Valckenaerianis

754 3993 797 4062 ²)
855 3989 1027 4047 Miror
1043 3989 1390 4063 Apollonium
1408 3988 1702 4062 Dyscolum
1728 3991 2127 4063 sagacissimum
2148 3993 2551 4064 grammaticum
2582 3995 2743 4069 scrip·

683 4082 840 4138 sisse:
900 4083 965 4138 τὶ
1010 4080 1135 4153 δρῶ
1180 4083 1431 4152 σημαίνει
1475 4085 1573 4137 καὶ
1615 4082 1681 4138 τὶ
1738 4081 1856 4152 ὁρῶ
1914 4079 2020 4154 ἀφ’
2065 4078 2127 4139 οὗ
2168 4087 2263 4141 καὶ
2323 4087 2388 4142 τὶ
2444 4082 2743 4161 Σρωποίζειν

684 4182 782 4234 καὶ
826 4180 890 4237 τὸ
934 4176 1212 4252 δραπέτης
1255 4178 1279 4234 ὅ
1323 4176 1668 4250 ἐπιβλέπων.
1719 4174 2085 4255 (περὶἘπιρρ.
2133 4181 2306 4240 Bekk.
2334 4185 2438 4241 An.
2472 4184 2594 4251 549,
2633 4184 2743 4256 22).
