3320 5169
1645 525 1728 586 60

659 736 1039 802 inexercitati
1102 734 1371 801 hominis
1416 758 1560 801 vero
1623 757 1745 801 non
1808 741 1901 801 est
1958 736 2153 823 legere
2213 739 2376 823 quod
2424 738 2719 825 scriptum

659 862 767 921 est.
876 855 1108 942 Operae
1175 856 1439 943 pretium
1515 862 1609 921 est
1677 855 2009 943 insigniora
2086 857 2381 942 quaedam
2450 857 2720 923 indicare

660 998 815 1062 quae
861 983 1166 1060 tamquam
1217 974 1453 1060 scopuli
1498 974 1563 1039 in
1607 974 1867 1061 legendo
1900 974 2149 1040 vitanda
2195 981 2358 1040 sunt.

749 1095 987 1161 Literae
1024 1119 1096 1174 α,
1131 1094 1479 1180 praesertim
1526 1094 1590 1158 in
1625 1094 1851 1160 finibus
1897 1094 2246 1174 verborum,
2289 1116 2464 1179 saepe
2510 1094 2717 1160 hamu-

655 1214 753 1280 lus
800 1213 1082 1278 adhaeret
1135 1212 1243 1298 qui
1289 1212 1486 1298 primo
1549 1213 1773 1277 obtutu
1834 1213 1908 1278 ab
1968 1234 2337 1298 unoquoque
2396 1212 2719 1279 habebitur

656 1357 766 1420 pro
816 1358 832 1398 ι
881 1334 976 1397 vel
1022 1357 1079 1398 υ.
1172 1332 1325 1397 Inde
1393 1354 1568 1418 saepe
1629 1333 2025 1412 nominativi,
2099 1332 2292 1397 dativi
2361 1333 2683 1418 singularis
2695 1384 2713 1415 ‚

657 1451 1019 1516 nominativi
1076 1450 1326 1538 pluralis
1388 1453 1628 1516 numeri
1691 1474 1833 1518 cum
1886 1475 2106 1538 magno
2154 1453 2489 1518 sententiae
2535 1453 2717 1517 detri-

656 1579 861 1637 mento
906 1578 1331 1658 permutantur
1383 1578 1452 1636 ut
1503 1577 1793 1636 τοιαῦται
1843 1579 1905 1636 et
1949 1577 2252 1647 τοιαῦτα,
2305 1569 2441 1637 ἴσαι
2492 1580 2553 1638 et
2599 1571 2716 1638 ὅσα

657 1698 771 1755 etc.
841 1689 1067 1755 Verum
1127 1691 1310 1755 etiam
1370 1691 1435 1755 in
1499 1691 1715 1755 mediis
1761 1689 2011 1756 vocibus
2057 1713 2203 1756 cave
2264 1691 2420 1756 hanc
2466 1692 2716 1757 caudam

657 1809 985 1896 prolixam:
1035 1815 1181 1873 sunt
1225 1809 1461 1875 codices
1508 1810 1573 1874 in
1621 1809 1842 1895 quibus
1889 1813 2018 1881 πῶς
2067 1815 2129 1875 et
2181 1818 2333 1881 παῖς
2383 1809 2472 1874 vel
2521 1811 2716 1876 inten-

657 1927 895 1992 tissima
940 1928 1067 1992 acie
1116 1928 1217 1993 vix
1262 1928 1621 2015 distinguas,

745 2047 1175 2133 Compluribus
1236 2048 1571 2113 editoribus
1628 2055 1829 2113 tamen
1900 2049 2048 2114 haec
2117 2050 2459 2115 observatio
2520 2050 2717 2116 fraudi

656 2169 773 2233 fuit
837 2190 976 2235 cum
1034 2169 1216 2232 semel
1263 2168 1559 2232 admoniti
1617 2169 1839 2253 ubique
1886 2193 1927 2233 α
1991 2170 2470 2256 suspicarentur,
2536 2171 2717 2236 etiam

656 2288 759 2353 ubi
807 2310 1013 2353 verum
1060 2295 1186 2353 erat
1233 2312 1320 2351 αι.
1411 2287 1822 2353 Luculentum
1859 2289 2204 2375 exemplum
2245 2289 2432 2354 habet
2471 2290 2717 2355 Bestius

660 2409 744 2495 (p.
794 2410 875 2471 88
889 2409 947 2492 4)
996 2407 1171 2472 cuius
1216 2406 1663 2472 Commentatio
1714 2408 2220 2494 Palaeographica
2266 2408 2559 2495 Gregorio
2606 2410 2718 2475 Co-

658 2526 885 2593 rinthio
945 2527 1182 2592 adiecta
1232 2533 1373 2592 ante
1428 2527 1540 2592 hos
1607 2528 1921 2615 sexaginta
1983 2549 2171 2594 annos
2226 2528 2511 2594 ultimum
2558 2529 2720 2595 edita

659 2646 874 2733 paucis
919 2646 1226 2711 iuniorum
1272 2646 1723 2733 philologorum
1780 2647 1845 2711 in
1908 2647 2185 2713 manibus
2246 2655 2354 2715 est.
2448 2649 2719 2715 Verbum

661 2764 990 2847 Αἰγιαζειν
1054 2765 1157 2851 (cf.
1214 2765 1386 2830 Suid.
1433 2765 1498 2829 in
1546 2768 1721 2851 voce)
1780 2766 1847 2831 in
1906 2766 2110 2832 nescio
2178 2789 2298 2854 quo
2343 2767 2540 2832 lexico
2585 2768 2719 2833 rhe-

660 2885 852 2950 torico
899 2885 985 2949 ita
1031 2884 1400 2970 explicatur:
1451 2885 1526 2949 σὺ
1573 2884 1623 2947 δ’
1656 2884 1956 2968 αἶγιαζ
1966 2910 2081 2959 εις
2130 2885 2328 2951 ἐνθαδὶ
2377 2888 2716 2966 καθήμενος

661 3003 800 3069 ἀντὶ
855 3009 962 3069 τοῦ
1015 3003 1332 3085 περιάγων
1390 3012 1639 3077 λαλεῖς.
1689 3007 1926 3074 .Recte
1969 3005 2104 3072 ille:
2169 3006 2308 3071 ἀντὶ
2372 3011 2479 3071 τοῦ
2539 3008 2717 3088 περὶ

595 3149 606 3157 ·
663 3127 912 3204 αἰγῶν
957 3133 1204 3196 λαλεῖς.

749 3246 976 3312 Eadem
1021 3246 1096 3311 de
1142 3267 1327 3311 causa
1372 3250 1827 3310 commutarunt
1886 3269 1927 3308 α
1989 3252 2051 3310 et
2098 3270 2201 3312 αυ.
2295 3246 2499 3311 Petite
2554 3245 2721 3311 Reis-

660 3367 802 3432 kius
846 3365 1113 3431 restituit
1164 3365 1368 3430 locum
1421 3364 1703 3431 Libanii2
1757 3364 1920 3448 (Vol.
1968 3364 2081 3444 IV,
2131 3388 2192 3451 p.
2242 3367 2404 3445 859,
2455 3366 2565 3449 26)
2614 3365 2717 3429 καὶ

664 3485 877 3550 πολλὰ
932 3484 1008 3549 ἂν
1063 3483 1154 3558 εἴη
1223 3484 1432 3561 λέγειν
1485 3482 1528 3549 ἃ
1577 3493 1752 3556 τοῖς
1815 3484 1988 3570 (Ood.
2042 3485 2356 3570 αὐτοῖς)
2427 3488 2720 3564 ἀποροῦσι

663 3604 865 3685 φίλων
936 3604 1332 3684 συνέζευκται
1396 3602 1692 3682 χαλεπά.
1789 3601 2163 3668 Confirmant
2231 3603 2387 3667 hanc
2449 3604 2724 3669 emenda-

663 3723 890 3788 tionem
937 3722 1082 3786 licet
1127 3720 1604 3786 confirmationis
1664 3744 1790 3787 non
1836 3721 2109 3809 indigam
2161 3722 2439 3788 meliores
2486 3723 2725 3788 codices

664 3842 1034 3908 Parisienses
1079 3847 1235 3904 teste
1280 3840 1511 3905 Bastio.

756 3960 941 4025 Plane
987 3959 1251 4025 eiusdem
1300 3959 1702 4046 praestantiae
1755 3964 1846 4023 est
1904 3959 2246 4023 coniectura
2306 3959 2389 4025 H.
2438 3961 2726 4046 Stephani

666 4080 731 4144 in
776 4079 937 4144 Plat.
984 4078 1212 4143 Phaed.
1260 4079 1335 4143 ad
1380 4079 1521 4143 fin.:
1586 4075 1801 4142 οὐδένα
1861 4073 2067 4141 ὅντινα
2117 4080 2183 4143 οὐ
2237 4078 2724 4148 κατέκλασεν.

668 4197 869 4263 Ceteri
915 4197 1369 4281 κατέκλαυᾳεν.
