3320 5169
1664 545 1748 605 42

682 759 952 825 Lexicon
993 780 1172 822 suum
1209 757 1455 844 recepit.
1522 757 1673 821 Non
1713 755 1993 844 capiebat
2031 757 2195 822 enim
2234 759 2421 824 verba
2456 781 2740 846 magnam

681 884 913 965 partem
983 877 1188 965 θρίω,
1257 878 1453 964 prisca
1520 884 1582 943 et
1651 900 1822 942 casca
1889 878 2097 944 addito
2164 878 2489 965 Digamma
2556 880 2739 947 etiam

683 998 877 1085 magis
923 997 1270 1078 obscurata,
1333 1018 1484 1083 quae
1544 996 1777 1064 dudum
1825 996 2101 1062 abierant
2145 997 2210 1062 in
2257 999 2741 1066 desuetudinem.

682 1116 871 1182 Haud
925 1117 1288 1182 mediocrem
1344 1116 1674 1181 utilitatem
1722 1122 1919 1180 tamen
1966 1116 2213 1183 haberet
2260 1140 2468 1182 omnes
2531 1118 2740 1183 huius-

682 1236 916 1302 cemodi
963 1257 1189 1302 errores
1235 1235 1350 1300 sub
1387 1257 1576 1301 unum
1613 1242 2004 1322 conspectum
2045 1258 2268 1323 ponere
2316 1244 2386 1301 ut
2431 1237 2741 1323 aliquanto

681 1354 906 1420 rectius
952 1355 1135 1420 etiam
1182 1355 1368 1419 statui
1414 1361 1616 1441 posset
1662 1378 1813 1440 quae
1837 1354 2128 1421 voeabula
2168 1357 2314 1421 olim
2357 1358 2579 1444 scripta
2615 1358 2740 1423 fue-

571 1513 578 1521 ·
680 1475 806 1540 rint
852 1498 988 1540 eum
1034 1476 1375 1562 Digamma.

771 1604 844 1668 Γ,
898 1606 961 1669 Ι,
1013 1602 1096 1667 Τ,
1148 1604 1242 1668 Π,
1294 1603 1423 1668 TI,
1473 1602 1588 1666 ΙΤ,
1639 1605 1709 1669 Ρ,
1760 1605 1812 1658 Τ
1870 1594 2077 1660 crebro
2142 1594 2299 1661 inter
2358 1618 2420 1660 se
2474 1617 2739 1661 commu-

684 1721 913 1781 tantur.

770 1834 890 1902 Od.
925 1844 1017 1911 A,
1067 1837 1230 1900 386:
1279 1834 1444 1913 ἁγνὴ
1478 1833 1906 1916 Περσεφόνεια
1963 1839 2269 1911 γυναικῶν
2331 1832 2739 1915 θηλυτεράων.

679 1955 960 2020 Testatur
1026 1954 1388 2019 Eustathius
1458 1954 1606 2019 alios
1677 1953 1912 2018 codices
1971 1952 2252 2019 habuisse
2312 1953 2355 2017 αὶ
2376 1977 2421 2030 y
2446 1954 2527 2027 νὴ
2591 1954 2741 2019 alios

682 2075 890 2149 αἰνή.
987 2074 1229 2155 Quibus
1291 2073 1428 2146 αἰνὴ
1487 2072 1688 2158 placet
1732 2079 2082 2158 comparant
2128 2072 2206 2138 Il.
2259 2096 2315 2152 ι,
2376 2076 2503 2139 457
2558 2074 2737 2158 (Ζεύς

680 2218 752 2257 τε
799 2190 1211 2272 καταχθόνιος
1253 2192 1358 2255 καὶ
1414 2192 1712 2264 ἐπαινὴ
1766 2189 2237 2276 Περσεφόνεια).
2331 2192 2604 2257 Praestat
2651 2200 2740 2257 ta·

684 2334 819 2376 men
887 2312 1072 2376 lectio
1140 2310 1305 2389 ἁγνὴ
1324 2362 1340 2391 ,
1413 2312 1665 2378 solitum
1732 2311 2131 2397 Proserpinae
2207 2313 2541 2400 epitheton.
2642 2313 2738 2379 Of.

682 2431 913 2518 Hymn.
958 2432 1024 2496 in
1071 2431 1204 2500 Cer.
1239 2456 1296 2499 v.
1340 2435 1491 2497 439.
1583 2431 1787 2497 Etiam
1835 2439 2051 2518 poetae
2095 2433 2305 2499 Latini
2353 2434 2441 2499 ita
2485 2434 2740 2519 loquun-

680 2559 784 2619 tur
832 2552 1029 2640 (Virg.
1081 2555 1233 2619 Aen.
1283 2552 1415 2633 VI,
1464 2555 1629 2634 402,
1680 2553 1890 2641 Eclog.
1940 2553 2054 2633 IV,
2110 2555 2237 2639 10).

771 2673 1055 2759 Sophoel.
1105 2672 1364 2738 Philoct.
1413 2696 1473 2737 v.
1525 2675 1689 2737 943:

995 2844 1270 2925 προσθείς
1321 2870 1391 2909 τε
1437 2853 1628 2926 χεῖρα
1677 2844 1885 2921 δεξιὰν
1933 2844 2017 2907 τα
2064 2841 2223 2920 τόξα
2271 2868 2389 2922 μου

995 2965 1175 3046 ἱεροὶ
1224 2966 1442 3045 λαβὼν
1489 2971 1598 3031 τοῦ
1651 2964 1839 3039 Ζηνὸς
1890 2965 2263 3044 Ἡρακλέους
2315 2964 2473 3045 ἔχει.

769 3146 1025 3232 Legitur
1070 3170 1106 3211 a
1150 3145 1463 3210 nonnullis
1509 3146 1646 3225 γέρ
1669 3169 1731 3210 α.
1826 3144 2007 3225 Quod
2067 3167 2190 3209 non
2237 3150 2330 3208 est
2383 3112 2609 3208 temere
2655 3166 2742 3208 re·

681 3265 1072 3351 pudiandum.
1168 3266 1395 3330 Verum
1445 3286 1591 3330 cave
1638 3287 1713 3328 ne
1759 3263 2089 3348 coniungas
2135 3262 2293 3342 γέρα
2327 3300 2414 3311 —-
2454 3263 2693 3341 λαβών.

771 3385 1085 3450 Dobraeus
1122 3385 1432 3469 (Adversa
1467 3382 1531 3463 Ι,
1581 3406 1641 3468 p.
1693 3384 1848 3465 356)
1900 3382 2060 3467 apud
2105 3381 2521 3446 Philemonem
2571 3382 2743 3448 Stob.

680 3502 898 3584 LVII,
949 3507 1076 3567 219
1127 3503 1304 3566 Grot.
1356 3503 1519 3580 373,
1572 3504 1652 3565 50
1705 3500 1891 3564 Gesn.
1934 3522 2043 3585 pro
2092 3499 2393 3580 λαχάνων
2442 3500 2633 3577 ἄγει
2683 3526 2741 3565 τι

680 3623 1019 3687 felicissime
1060 3622 1330 3686 restituit
1366 3619 1669 3700 λαχάνων
1701 3620 1956 3704 ‘folmu'
1991 3644 2077 3700 τι,
2126 3621 2287 3704 quod
2321 3620 2547 3707 recepit
2592 3621 2744 3685 Mei-

682 3741 900 3806 nekius
946 3741 1009 3805 in
1058 3741 1298 3825 Fragm.
1345 3740 1517 3804 Poet.
1565 3739 1795 3804 Comie.

774 3861 1091 3924 Praeterea
1152 3859 1227 3922 de
1287 3868 1314 3922 I
1377 3865 1438 3923 et
1499 3868 1543 3922 Γ
1616 3857 1977 3944 permutatis
2047 3858 2125 3923 ef.
2195 3860 2361 3943 quod
2431 3860 2747 3924 annotavit

683 3977 1031 4044 Hemsterh.
1096 3977 1173 4041 ad
1233 3977 1490 4042 Lucian.
1538 3978 1608 4043 Τ.
1658 3978 1727 4057 Ι,
1792 4000 1851 4063 p.
1902 3980 2050 4057 287,
2115 3979 2386 4044 Brunck.
2448 3979 2525 4043 ad
2580 3979 2746 4044 Aris-

685 4096 857 4181 toph.
907 4095 1171 4161 Acharn.
1222 4119 1280 4162 v.
1333 4099 1524 4163 1177.

774 4222 832 4276 Τ
881 4236 992 4299 pro
1040 4222 1083 4278 Γ
1134 4216 1403 4300 positum
1464 4222 1683 4281 terram
1742 4216 2042 4282 interdum
2095 4216 2361 4281 mutavit
2406 4218 2470 4280 in
2526 4217 2746 4296 articu-
