3320 5169
1583 484 1658 548 71

585 698 653 756 at
693 692 871 756 valde
932 693 1260 778 speciosam
1319 699 1539 759 tamen.
1632 695 1855 760 Paucis
1913 695 2243 782 philologis
2288 694 2501 780 ignota
2546 697 2642 756 cst

586 810 836 896 epistola
862 811 1229 875 Menecratis
1259 813 1479 877 medici
1512 814 1869 900 Syracusani
1909 814 1986 879 ad
2008 814 2356 899 Philippum
2388 812 2637 897 (Athen.

585 929 724 995 Lib.
776 930 901 1009 VI,
952 953 1090 1016 pag.
1142 935 1299 1012 289,
1351 932 1415 1015 d)
1475 933 1569 996 his
1616 934 1816 998 verbis
1856 933 2180 1020 incipiens:
2231 928 2636 1011 Μενεκράτης

587 1048 739 1120 Ζεὺς
793 1053 954 1135 (nam
1018 1050 1170 1114 alter
1223 1051 1458 1138 Iupiter
1519 1053 1636 1117 sibi
1688 1053 2006 1117 videbatur
2042 1052 2452 1131 MenecrateS‚
2511 1049 2641 1136 ipse

586 1191 828 1253 quoque
875 1144 1053 1234 coetu
1099 1193 1223 1235 non
1268 1171 1614 1236 mortalium
1649 1173 1753 1236 sed
1793 1172 2039 1236 deorum
2077 1172 2310 1235 cinctus
2360 1170 2463 1256 (cf.
2496 1193 2639 1256 pag.

586 1291 714 1352 289
762 1287 800 1353 b
857 1295 917 1353 et
974 1292 1061 1374 c))
1129 1289 1532 1369 Μενεκράτης
1600 1291 1753 1361 Ζεὺς
1811 1290 2103 1371 Φιλίππῳ
2160 1289 2424 1371 χοιίρειν.
2520 1288 2640 1354 Cui

584 1407 903 1493 Philippus
949 1409 1034 1472 ita
1083 1432 1188 1494 per
1233 1410 1434 1474 iocum
1483 1410 1824 1495 respondit:
1891 1409 2200 1481 Φίλιππος
2250 1406 2635 1490 Μενεκράτει

587 1527 906 1604 ὑγιαίνειν.
1004 1528 1328 1614 Comparat
1375 1552 1436 1593 se
1496 1530 1643 1593 satis
1688 1529 1942 1594 ridicule
1989 1552 2186 1594 novus
2239 1530 2487 1595 deorum
2532 1529 2643 1593 ho-

582 1647 937 1731 minumque
981 1655 1153 1733 pater
1195 1669 1331 1711 cum
1379 1669 1517 1732 rege
1565 1647 1988 1728 Macedoniae,
2038 1647 2127 1711 ita
2166 1648 2466 1713 scribens:
2515 1670 2640 1711 τοι-

588 1772 818 1846 γαροῦν
883 1766 953 1830 σὲ
1004 1768 1116 1843 μὲν
1167 1766 1527 1837 Μακεδόνες
1577 1767 2040 1848 δορυφοροῦσιν,
2114 1767 2224 1845 ἐμὲ
2290 1769 2350 1832 δὲ
2416 1768 2521 1833 καὶ
2572 1771 2641 1832 οἱ

580 1886 922 1965 μέλλοντες
973 1886 1242 1950 ἔσεσθαι.
1341 1888 1492 1957 Ζεὺς
1545 1887 1670 1966 γὰρ
1727 1888 1846 1964 ἐγὼ
1897 1890 2108 1958 αὐτοῖς
2164 1887 2300 1965 βίον
2349 1889 2633 1968 παρέχω.

669 2006 792 2070 Vix
846 2008 1065 2072 ultima
1105 2007 1386 2092 explicari
1427 2014 1700 2093 possunt.
1792 2007 2197 2072 Probabiliter
2241 2015 2444 2072 autem
2484 2008 2638 2073 Mei·

579 2126 798 2191 nekius
866 2127 1121 2191 inseruit
1191 2126 1288 2191 οέεὶ
1364 2125 1525 2211 quod
1587 2148 1764 2212 saepe
1825 2126 2075 2193 excidit.
2169 2126 2344 2191 Adde
2394 2126 2640 2192 Valcke-

579 2245 927 2310 naerianum
998 2246 1149 2310 θεοὶ
1220 2269 1329 2332 pro
1400 2247 1449 2309 οἱ
1515 2253 1577 2308 et
1644 2244 1895 2310 habebis
1945 2244 2125 2310 verba
2180 2246 2331 2310 bene
2390 2245 2636 2311 Graeca.

579 2362 846 2428 Omnino
893 2364 1033 2429 vide
1079 2365 1242 2450 apud
1291 2364 1670 2428 Athenaeum
1721 2386 1878 2447 qnae
1926 2364 2207 2451 deinceps
2254 2371 2591 2430 uariantur.

669 2482 839 2547 Haec
887 2484 962 2547 de
1009 2482 1337 2562 coelicolis,
1383 2483 1505 2546 iam
1549 2483 1861 2546 videamus
1908 2482 1982 2546 de
2029 2482 2402 2548 mortalibus

670 2602 798 2683 Qui
850 2602 1106 2667 bomine-3
1153 2602 1531 2684 „sapientes”
1581 2588 1760 2688 (ἵν-οἶ)
1826 2608 1997 2667 erant
2056 2601 2360 2666 interdum
2416 2601 2636 2667 descri-

575 2720 856 2784 bentium
925 2721 1159 2785 incuria
1240 2722 1515 2785 conversi
1592 2729 1734 2787 sunt
1812 2722 1873 2785 in
1953 2723 2243 2786 dementes
2310 2728 2373 2786 et
2437 2724 2635 2789 asinos

579 2838 821 2925 (ἄνους,
869 2841 1058 2925 ὅνους)
1106 2841 1197 2905 nil
1244 2842 1364 2906 tale
1427 2842 1784 2907 commeriti.
1832 2881 1919 2890 —
1966 2842 2168 2906 Multa
2221 2864 2291 2906 ex
2344 2842 2460 2907 hoe
2508 2866 2635 2908 cor-

575 2960 844 3046 ruptelae
890 2983 1106 3045 genere
1153 2959 1498 3023 felicissime
1544 2961 1817 3023 restituit
1868 2960 2212 3041 BentleiuS,
2264 2984 2441 3045 quem
2494 2962 2632 3029 vide

573 3077 656 3140 sis
717 3078 779 3141 in
841 3076 1157 3141 Menandr.
1213 3098 1272 3160 p.
1324 3078 1404 3137 66
1463 3075 1569 3139 ubi
1639 3099 1711 3140 ex
1779 3085 1976 3140 ΑΝΩ
2061 3079 2229 3143 elicit
2296 3080 2632 3163 genuinum

574 3205 771 3261 ΑΝΩ
821 3198 978 3275 ἄνω,
1040 3195 1349 3279 aliquanto
1409 3195 1621 3259 melius
1685 3218 1867 3279 quam
1913 3195 2166 3260 Grotius
2205 3184 2318 3281 'qui
2365 3203 2627 3261 mutave·

573 3325 668 3380 rat
715 3316 970 3395 βροτῶν.

662 3434 888 3498 Eadem
957 3434 1258 3499 medicina
1327 3432 1663 3497 adhibenda
1732 3433 1990 3497 vitiosae
2050 3434 2383 3520 scripturae
2445 3457 2626 3520 quam

573 3553 648 3617 ad
716 3553 878 3617 hunc
946 3574 1140 3636 usque
1203 3552 1359 3616 diem
1430 3551 1540 3615 alit
1607 3552 1779 3615 locus
1841 3551 2138 3616 Athenaei
2220 3553 2384 3637 (Lib.
2426 3553 2625 3634 VIII,

572 3696 633 3759 p.
700 3676 820 3738 367
886 3671 946 3756 b)
1018 3673 1473 3756 Colloquuntur
1548 3673 1597 3735 οἱ
1672 3671 2179 3753 δειπνοσοφισταὶ
2264 3696 2430 3738 more
2516 3697 2625 3738 suo

572 3814 756 3876 seque
791 3791 1055 3855 invicem
1098 3790 1490 3855 admirantur.
1584 3790 1989 3855 Gravissimas
2029 3792 2414 3876 quaestiones
2458 3794 2636 3878 ponit

570 3910 895 3996 UlpianuS,
934 3910 1195 3994 primum
1231 3909 1304 3973 de
1341 3909 1644 3974 adiectivo
1671 3912 1950 3991 τοικερὲς,
1990 3911 2205 3976 deinde
2232 3911 2313 3976 'de
2351 3934 2463 3975 usu
2498 3935 2627 3976 ver—

571 4030 781 4096 borum
832 4033 997 4093 vo'Z7rv
1046 4038 1107 4093 ct
1153 4029 1383 4093 σι’νοεπυ
1426 4036 1540 4094 etc.
1634 4029 1751 4095 Per
1798 4053 1977 4115 quam
2033 4030 2341 4116 ingeniose
2385 4053 2628 4116 respon-

572 4150 674 4214 det
718 4150 744 4213 o‘
796 4147 988 4221 κοολός
1039 4150 1299 4229 Ζωίλος,
1352 4172 1486 4213 cum
1551 4148 1664 4213 alia
1710 4172 1866 4213 nova
1922 4149 2142 4213 docens
2187 4157 2316 4213 tum
2362 4148 2632 4234 insignes
