<?xml version="1.0" encoding="UTF-8"?>
<!DOCTYPE html PUBLIC "-//W3C//DTD XHTML 1.0 Transitional//EN"
    "http://www.w3.org/TR/xhtml1/DTD/xhtml1-transitional.dtd">
<html xmlns="http://www.w3.org/1999/xhtml" xml:lang="en" lang="en">
 <head>
  <title>
</title>
<meta http-equiv="Content-Type" content="text/html;charset=utf-8" />
  <meta name='ocr-system' content='tesseract 3.04.00' />
  <meta name='ocr-capabilities' content='ocr_page ocr_carea ocr_par ocr_line ocrx_word'/>
</head>
<body>
  <div class='ocr_page' id='page_1' title='image "./studiapalaeogra00vollgoog_0091.png"; bbox 0 0 3320 5169; ppageno 0'>
   <div class='ocr_carea' id='block_1_1' title="bbox 1596 521 1677 585">
    <p class='ocr_par' dir='ltr' id='par_1_1' title="bbox 1596 521 1677 585">
     <span class='ocr_line' id='line_1_1' title="bbox 1596 521 1677 585; baseline -0.025 0"><span class='ocrx_word' id='word_1_1' title='bbox 1596 521 1677 585; x_wconf 83' lang='lat'>79</span> 
     </span>
    </p>
   </div>
   <div class='ocr_carea' id='block_1_2' title="bbox 585 727 2672 4293">
    <p class='ocr_par' dir='ltr' id='par_1_2' title="bbox 609 727 2672 1658">
     <span class='ocr_line' id='line_1_2' title="bbox 612 727 2671 818; baseline -0.002 -22"><span class='ocrx_word' id='word_1_2' title='bbox 612 738 685 795; x_wconf 90' lang='lat' dir='ltr'>ut</span> <span class='ocrx_word' id='word_1_3' title='bbox 732 732 1027 818; x_wconf 76' lang='lat' dir='ltr'>distingui</span> <span class='ocrx_word' id='word_1_4' title='bbox 1084 738 1428 817; x_wconf 83' lang='lat' dir='ltr'><strong>nequeant,</strong></span> <span class='ocrx_word' id='word_1_5' title='bbox 1486 733 1574 797; x_wconf 92' lang='lat' dir='ltr'>sic</span> <span class='ocrx_word' id='word_1_6' title='bbox 1612 733 1718 796; x_wconf 87' lang='grc' dir='ltr'>άν-</span> <span class='ocrx_word' id='word_1_7' title='bbox 1765 739 1827 797; x_wconf 87' lang='lat' dir='ltr'>et</span> <span class='ocrx_word' id='word_1_8' title='bbox 1880 732 1991 796; x_wconf 84' lang='grc' dir='ltr'>σὺν</span> <span class='ocrx_word' id='word_1_9' title='bbox 2039 737 2099 796; x_wconf 87' lang='lat' dir='ltr'>ct</span> <span class='ocrx_word' id='word_1_10' title='bbox 2146 732 2244 796; x_wconf 81' lang='grc' dir='ltr'>εὐ·</span> <span class='ocrx_word' id='word_1_11' title='bbox 2293 751 2535 815; x_wconf 90' lang='lat' dir='ltr'>quoque</span> <span class='ocrx_word' id='word_1_12' title='bbox 2579 727 2671 792; x_wconf 89' lang='lat' dir='ltr'>in·</span> 
     </span>
     <span class='ocr_line' id='line_1_3' title="bbox 612 849 2672 938; baseline -0.001 -24"><span class='ocrx_word' id='word_1_13' title='bbox 612 851 850 917; x_wconf 78' lang='lat' dir='ltr'>tel-dum</span> <span class='ocrx_word' id='word_1_14' title='bbox 894 851 1125 919; x_wconf 88' lang='lat' dir='ltr'>iudicio</span> <span class='ocrx_word' id='word_1_15' title='bbox 1166 852 1360 938; x_wconf 86' lang='lat' dir='ltr'>magis</span> <span class='ocrx_word' id='word_1_16' title='bbox 1409 873 1588 936; x_wconf 86' lang='lat' dir='ltr'>quam</span> <span class='ocrx_word' id='word_1_17' title='bbox 1637 850 1826 916; x_wconf 92' lang='lat' dir='ltr'>oculis</span> <span class='ocrx_word' id='word_1_18' title='bbox 1861 850 2036 917; x_wconf 83' lang='lat' dir='ltr'>nobis</span> <span class='ocrx_word' id='word_1_19' title='bbox 2077 849 2469 915; x_wconf 88' lang='lat' dir='ltr'>discernenda</span> <span class='ocrx_word' id='word_1_20' title='bbox 2508 854 2672 913; x_wconf 88' lang='lat' dir='ltr'>sunt.</span> 
     </span>
     <span class='ocr_line' id='line_1_4' title="bbox 612 969 2671 1056; baseline 0 -23"><span class='ocrx_word' id='word_1_21' title='bbox 612 969 887 1056; x_wconf 84' lang='lat' dir='ltr'>Exempli</span> <span class='ocrx_word' id='word_1_22' title='bbox 955 992 1132 1036; x_wconf 87' lang='lat' dir='ltr'>causa</span> <span class='ocrx_word' id='word_1_23' title='bbox 1200 971 1496 1036; x_wconf 82' lang='lat' dir='ltr'>maculam</span> <span class='ocrx_word' id='word_1_24' title='bbox 1564 970 1847 1037; x_wconf 82' lang='lat' dir='ltr'>indicabo</span> <span class='ocrx_word' id='word_1_25' title='bbox 1915 977 1977 1036; x_wconf 87' lang='lat' dir='ltr'>et</span> <span class='ocrx_word' id='word_1_26' title='bbox 2037 971 2218 1036; x_wconf 88' lang='lat' dir='ltr'>simul</span> <span class='ocrx_word' id='word_1_27' title='bbox 2279 969 2671 1056; x_wconf 79' lang='lat' dir='ltr'>abstergebO,</span> 
     </span>
     <span class='ocr_line' id='line_1_5' title="bbox 611 1088 2672 1173; baseline -0 -19"><span class='ocrx_word' id='word_1_28' title='bbox 611 1111 768 1173; x_wconf 85' lang='lat' dir='ltr'>quae</span> <span class='ocrx_word' id='word_1_29' title='bbox 814 1088 1010 1154; x_wconf 87' lang='lat' dir='ltr'>adhuc</span> <span class='ocrx_word' id='word_1_30' title='bbox 1053 1088 1292 1154; x_wconf 80' lang='lat' dir='ltr'>obsidet</span> <span class='ocrx_word' id='word_1_31' title='bbox 1337 1090 1734 1155; x_wconf 79' lang='lat' dir='ltr'><strong>Plutarchum</strong></span> <span class='ocrx_word' id='word_1_32' title='bbox 1781 1089 1847 1154; x_wconf 87' lang='lat' dir='ltr'>in</span> <span class='ocrx_word' id='word_1_33' title='bbox 1892 1090 2019 1155; x_wconf 86' lang='lat' dir='ltr'>vita</span> <span class='ocrx_word' id='word_1_34' title='bbox 2064 1089 2240 1155; x_wconf 84' lang='lat' dir='ltr'>Fabii</span> <span class='ocrx_word' id='word_1_35' title='bbox 2287 1090 2672 1155; x_wconf 86' lang='lat' dir='ltr'>Cunctatoris</span> 
     </span>
     <span class='ocr_line' id='line_1_6' title="bbox 611 1201 2671 1294; baseline 0 -22"><span class='ocrx_word' id='word_1_36' title='bbox 611 1206 757 1294; x_wconf 75' lang='lat' dir='ltr'>Gap.</span> <span class='ocrx_word' id='word_1_37' title='bbox 807 1206 1003 1288; x_wconf 90' lang='lat' dir='ltr'>XVI,</span> <span class='ocrx_word' id='word_1_38' title='bbox 1044 1209 1207 1274; x_wconf 82' lang='lat' dir='ltr'>med.</span> <span class='ocrx_word' id='word_1_39' title='bbox 1245 1206 1370 1273; x_wconf 43' lang='grc' dir='ltr'>*Ην</span> <span class='ocrx_word' id='word_1_40' title='bbox 1417 1209 1479 1274; x_wconf 76' lang='grc' dir='ltr'>δὲ</span> <span class='ocrx_word' id='word_1_41' title='bbox 1521 1210 1596 1275; x_wconf 78' lang='grc' dir='ltr'>δι’</span> <span class='ocrx_word' id='word_1_42' title='bbox 1630 1207 1902 1288; x_wconf 80' lang='grc' dir='ltr'><strong><em>αἵματος</em></strong></span> <span class='ocrx_word' id='word_1_43' title='bbox 1956 1210 2219 1283; x_wconf 75' lang='grc' dir='ltr'><strong><em>πλῆθος,</em></strong></span> <span class='ocrx_word' id='word_1_44' title='bbox 2281 1201 2322 1289; x_wconf 78' lang='grc' dir='ltr'><em>ᾧ</em></span> <span class='ocrx_word' id='word_1_45' title='bbox 2385 1208 2671 1274; x_wconf 70' lang='grc' dir='ltr'><strong><em>συνεπέ-</em></strong></span> 
     </span>
     <span class='ocr_line' id='line_1_7' title="bbox 609 1328 2672 1409; baseline 0.002 -18"><span class='ocrx_word' id='word_1_46' title='bbox 609 1331 806 1409; x_wconf 81' lang='grc' dir='ltr'><strong><em>φυρτο</em></strong></span> <span class='ocrx_word' id='word_1_47' title='bbox 855 1328 967 1402; x_wconf 69' lang='grc' dir='ltr'>τὴν</span> <span class='ocrx_word' id='word_1_48' title='bbox 1014 1330 1304 1409; x_wconf 69' lang='grc' dir='ltr'><strong><em>κεφαλὴν</em></strong></span> <span class='ocrx_word' id='word_1_49' title='bbox 1356 1330 1461 1395; x_wconf 76' lang='grc' dir='ltr'>καὶ</span> <span class='ocrx_word' id='word_1_50' title='bbox 1510 1331 1580 1395; x_wconf 83' lang='grc' dir='ltr'>τὸ</span> <span class='ocrx_word' id='word_1_51' title='bbox 1629 1329 1983 1409; x_wconf 84' lang='grc' dir='ltr'><strong><em>πρόσωπον,</em></strong></span> <span class='ocrx_word' id='word_1_52' title='bbox 2042 1333 2107 1396; x_wconf 83' lang='grc' dir='ltr'>οὐ</span> <span class='ocrx_word' id='word_1_53' title='bbox 2156 1339 2413 1404; x_wconf 80' lang='grc' dir='ltr'><em>πολλοῖς</em></span> <span class='ocrx_word' id='word_1_54' title='bbox 2459 1328 2672 1405; x_wconf 76' lang='grc' dir='ltr'><strong><em>διάδη-</em></strong></span> 
     </span>
     <span class='ocr_line' id='line_1_8' title="bbox 609 1449 2669 1537; baseline 0.002 -26"><span class='ocrx_word' id='word_1_55' title='bbox 609 1462 737 1520; x_wconf 84' lang='grc' dir='ltr'><strong><em>λος.</em></strong></span> <span class='ocrx_word' id='word_1_56' title='bbox 830 1449 1233 1535; x_wconf 75' lang='lat' dir='ltr'>Quantocyus</span> <span class='ocrx_word' id='word_1_57' title='bbox 1294 1472 1521 1537; x_wconf 80' lang='lat' dir='ltr'>repone</span> <span class='ocrx_word' id='word_1_58' title='bbox 1589 1449 1999 1532; x_wconf 83' lang='grc' dir='ltr'><strong><em>άνεπέφυρτο</em></strong></span> <span class='ocrx_word' id='word_1_59' title='bbox 2069 1450 2233 1537; x_wconf 86' lang='lat' dir='ltr'>quod</span> <span class='ocrx_word' id='word_1_60' title='bbox 2289 1450 2541 1516; x_wconf 84' lang='lat' dir='ltr'>verbum</span> <span class='ocrx_word' id='word_1_61' title='bbox 2601 1450 2669 1517; x_wconf 79' lang='lat' dir='ltr'>in</span> 
     </span>
     <span class='ocr_line' id='line_1_9' title="bbox 612 1568 2279 1658; baseline 0.003 -26"><span class='ocrx_word' id='word_1_62' title='bbox 612 1568 834 1634; x_wconf 75' lang='lat' dir='ltr'>taHbus</span> <span class='ocrx_word' id='word_1_63' title='bbox 879 1569 1057 1635; x_wconf 88' lang='lat' dir='ltr'>unice</span> <span class='ocrx_word' id='word_1_64' title='bbox 1106 1592 1315 1636; x_wconf 83' lang='lat' dir='ltr'>verum</span> <span class='ocrx_word' id='word_1_65' title='bbox 1363 1592 1491 1635; x_wconf 84' lang='lat' dir='ltr'>esse</span> <span class='ocrx_word' id='word_1_66' title='bbox 1534 1594 1659 1636; x_wconf 91' lang='lat' dir='ltr'>non</span> <span class='ocrx_word' id='word_1_67' title='bbox 1707 1593 1862 1658; x_wconf 90' lang='lat' dir='ltr'>opus</span> <span class='ocrx_word' id='word_1_68' title='bbox 1909 1576 2000 1635; x_wconf 87' lang='lat' dir='ltr'>est</span> <span class='ocrx_word' id='word_1_69' title='bbox 2046 1571 2279 1637; x_wconf 86' lang='lat' dir='ltr'>docere.</span> 
     </span>
    </p>

    <p class='ocr_par' dir='ltr' id='par_1_3' title="bbox 701 1688 2428 1775">
     <span class='ocr_line' id='line_1_10' title="bbox 701 1688 2428 1775; baseline 0 -22"><span class='ocrx_word' id='word_1_70' title='bbox 701 1689 883 1774; x_wconf 90' lang='lat' dir='ltr'>Apud</span> <span class='ocrx_word' id='word_1_71' title='bbox 930 1688 1305 1775; x_wconf 82' lang='lat' dir='ltr'>Hesychium</span> <span class='ocrx_word' id='word_1_72' title='bbox 1348 1688 1576 1775; x_wconf 86' lang='lat' dir='ltr'>legitur</span> <span class='ocrx_word' id='word_1_73' title='bbox 1622 1694 2099 1772; x_wconf 73' lang='grc' dir='ltr'><strong><em>συμφῦσαι,</em></strong></span> <span class='ocrx_word' id='word_1_74' title='bbox 2144 1689 2428 1771; x_wconf 79' lang='grc' dir='ltr'><strong><em>άνάψαι.</em></strong></span> 
     </span>
    </p>

    <p class='ocr_par' dir='ltr' id='par_1_4' title="bbox 609 1806 2670 1993">
     <span class='ocr_line' id='line_1_11' title="bbox 695 1806 2670 1892; baseline 0.001 -21"><span class='ocrx_word' id='word_1_75' title='bbox 695 1806 915 1873; x_wconf 80' lang='lat' dir='ltr'>Editor</span> <span class='ocrx_word' id='word_1_76' title='bbox 971 1808 1048 1873; x_wconf 88' lang='lat' dir='ltr'>ad</span> <span class='ocrx_word' id='word_1_77' title='bbox 1091 1809 1351 1874; x_wconf 82' lang='lat' dir='ltr'>calcem:</span> <span class='ocrx_word' id='word_1_78' title='bbox 1421 1807 1676 1889; x_wconf 59' lang='lat' dir='ltr'>„Malim</span> <span class='ocrx_word' id='word_1_79' title='bbox 1736 1809 2041 1892; x_wconf 77' lang='grc' dir='ltr'><strong><em>συνάψαι.</em></strong></span> <span class='ocrx_word' id='word_1_80' title='bbox 2136 1810 2322 1891; x_wconf 74' lang='lat' dir='ltr'>Quod</span> <span class='ocrx_word' id='word_1_81' title='bbox 2366 1816 2531 1875; x_wconf 82' lang='lat' dir='ltr'>certo</span> <span class='ocrx_word' id='word_1_82' title='bbox 2567 1815 2670 1874; x_wconf 71' lang='lat' dir='ltr'>cst</span> 
     </span>
     <span class='ocr_line' id='line_1_12' title="bbox 609 1926 854 1993; baseline 0.004 -2"><span class='ocrx_word' id='word_1_83' title='bbox 609 1926 854 1993; x_wconf 73' lang='lat' dir='ltr'>certius,</span> 
     </span>
    </p>

    <p class='ocr_par' dir='ltr' id='par_1_5' title="bbox 597 2047 2665 3207">
     <span class='ocr_line' id='line_1_13' title="bbox 696 2047 2663 2136; baseline 0 -25"><span class='ocrx_word' id='word_1_84' title='bbox 696 2047 1015 2113; x_wconf 86' lang='lat' dir='ltr'>Praeterea</span> <span class='ocrx_word' id='word_1_85' title='bbox 1059 2049 1182 2112; x_wconf 73' lang='grc' dir='ltr'>άνόι</span> <span class='ocrx_word' id='word_1_86' title='bbox 1231 2049 1625 2115; x_wconf 86' lang='lat' dir='ltr'>confunditur</span> <span class='ocrx_word' id='word_1_87' title='bbox 1673 2070 1812 2115; x_wconf 88' lang='lat' dir='ltr'>oum</span> <span class='ocrx_word' id='word_1_88' title='bbox 1859 2051 2005 2115; x_wconf 80' lang='grc' dir='ltr'>άπὸ</span> <span class='ocrx_word' id='word_1_89' title='bbox 2058 2048 2449 2136; x_wconf 87' lang='grc' dir='ltr'><strong><em>(άν’-άπ’)</em></strong></span> <span class='ocrx_word' id='word_1_90' title='bbox 2498 2047 2663 2132; x_wconf 89' lang='lat' dir='ltr'>quod</span> 
     </span>
     <span class='ocr_line' id='line_1_14' title="bbox 604 2165 2665 2258; baseline 0.001 -28"><span class='ocrx_word' id='word_1_91' title='bbox 604 2165 1004 2233; x_wconf 81' lang='lat' dir='ltr'>inveteratum</span> <span class='ocrx_word' id='word_1_92' title='bbox 1050 2168 1268 2233; x_wconf 86' lang='lat' dir='ltr'>vitium</span> <span class='ocrx_word' id='word_1_93' title='bbox 1315 2192 1442 2234; x_wconf 88' lang='lat' dir='ltr'>esse</span> <span class='ocrx_word' id='word_1_94' title='bbox 1487 2175 1690 2256; x_wconf 86' lang='lat' dir='ltr'>potest</span> <span class='ocrx_word' id='word_1_95' title='bbox 1709 2192 1797 2234; x_wconf 53' lang='lat' dir='ltr'>»ex</span> <span class='ocrx_word' id='word_1_96' title='bbox 1834 2172 2131 2258; x_wconf 85' lang='lat' dir='ltr'>scriptura</span> <span class='ocrx_word' id='word_1_97' title='bbox 2182 2168 2429 2236; x_wconf 84' lang='lat' dir='ltr'>unciali.</span> <span class='ocrx_word' id='word_1_98' title='bbox 2479 2168 2665 2232; x_wconf 85' lang='grc' dir='ltr'><strong><em>Ἀνα-</em></strong></span> 
     </span>
     <span class='ocr_line' id='line_1_15' title="bbox 604 2286 2665 2376; baseline 0.001 -26"><span class='ocrx_word' id='word_1_99' title='bbox 604 2286 877 2367; x_wconf 84' lang='grc' dir='ltr'><strong><em>γορεύειν</em></strong></span> <span class='ocrx_word' id='word_1_100' title='bbox 926 2293 987 2352; x_wconf 90' lang='lat' dir='ltr'>et</span> <span class='ocrx_word' id='word_1_101' title='bbox 1030 2288 1447 2370; x_wconf 67' lang='grc' dir='ltr'>ἀπαγορεύειν</span> <span class='ocrx_word' id='word_1_102' title='bbox 1507 2290 1638 2376; x_wconf 88' lang='lat' dir='ltr'>ipse</span> <span class='ocrx_word' id='word_1_103' title='bbox 1705 2290 1838 2376; x_wconf 84' lang='lat' dir='ltr'>plus</span> <span class='ocrx_word' id='word_1_104' title='bbox 1899 2290 2083 2355; x_wconf 87' lang='lat' dir='ltr'>semel</span> <span class='ocrx_word' id='word_1_105' title='bbox 2135 2294 2476 2376; x_wconf 70' lang='lat' dir='ltr'>permutata</span> <span class='ocrx_word' id='word_1_106' title='bbox 2531 2287 2665 2353; x_wconf 71' lang='lat' dir='ltr'>vidi</span> 
     </span>
     <span class='ocr_line' id='line_1_16' title="bbox 603 2405 2663 2495; baseline 0.002 -25"><span class='ocrx_word' id='word_1_107' title='bbox 603 2405 670 2470; x_wconf 88' lang='lat' dir='ltr'>in</span> <span class='ocrx_word' id='word_1_108' title='bbox 737 2407 946 2472; x_wconf 89' lang='lat' dir='ltr'>codice</span> <span class='ocrx_word' id='word_1_109' title='bbox 1013 2408 1386 2494; x_wconf 84' lang='lat' dir='ltr'>Thucydidis</span> <span class='ocrx_word' id='word_1_110' title='bbox 1460 2408 1745 2473; x_wconf 86' lang='lat' dir='ltr'>Leidensi</span> <span class='ocrx_word' id='word_1_111' title='bbox 1824 2410 1925 2495; x_wconf 86' lang='lat' dir='ltr'>(cf.</span> <span class='ocrx_word' id='word_1_112' title='bbox 1996 2408 2195 2474; x_wconf 88' lang='lat' dir='ltr'>Koen.</span> <span class='ocrx_word' id='word_1_113' title='bbox 2265 2408 2342 2473; x_wconf 89' lang='lat' dir='ltr'>ad</span> <span class='ocrx_word' id='word_1_114' title='bbox 2411 2408 2663 2494; x_wconf 74' lang='lat' dir='ltr'>Gregot.</span> 
     </span>
     <span class='ocr_line' id='line_1_17' title="bbox 602 2527 2665 2613; baseline -0 -21"><span class='ocrx_word' id='word_1_115' title='bbox 602 2549 662 2613; x_wconf 91' lang='lat' dir='ltr'>p.</span> <span class='ocrx_word' id='word_1_116' title='bbox 709 2529 888 2613; x_wconf 79' lang='lat'>494).</span> <span class='ocrx_word' id='word_1_117' title='bbox 983 2527 1106 2593; x_wconf 90' lang='lat' dir='ltr'>Hic</span> <span class='ocrx_word' id='word_1_118' title='bbox 1151 2527 1277 2594; x_wconf 91' lang='lat' dir='ltr'>illic</span> <span class='ocrx_word' id='word_1_119' title='bbox 1323 2527 1618 2594; x_wconf 78' lang='lat' dir='ltr'>editiones</span> <span class='ocrx_word' id='word_1_120' title='bbox 1665 2527 1949 2594; x_wconf 83' lang='lat' dir='ltr'>exhibent</span> <span class='ocrx_word' id='word_1_121' title='bbox 1995 2527 2463 2607; x_wconf 80' lang='grc' dir='ltr'><strong><em>άπαγγέλλειν</em></strong></span> <span class='ocrx_word' id='word_1_122' title='bbox 2509 2549 2665 2592; x_wconf 82' lang='lat' dir='ltr'>mm·</span> 
     </span>
     <span class='ocr_line' id='line_1_18' title="bbox 602 2646 2660 2736; baseline 0 -26"><span class='ocrx_word' id='word_1_123' title='bbox 602 2646 757 2711; x_wconf 78' lang='lat' dir='ltr'>tiare</span> <span class='ocrx_word' id='word_1_124' title='bbox 807 2646 913 2712; x_wconf 92' lang='lat' dir='ltr'>ubi</span> <span class='ocrx_word' id='word_1_125' title='bbox 959 2646 1280 2713; x_wconf 83' lang='lat' dir='ltr'>verborum</span> <span class='ocrx_word' id='word_1_126' title='bbox 1329 2648 1629 2713; x_wconf 84' lang='lat' dir='ltr'>sententia</span> <span class='ocrx_word' id='word_1_127' title='bbox 1675 2648 1850 2713; x_wconf 86' lang='lat' dir='ltr'>enixe</span> <span class='ocrx_word' id='word_1_128' title='bbox 1897 2648 2168 2736; x_wconf 85' lang='lat' dir='ltr'>postulat</span> <span class='ocrx_word' id='word_1_129' title='bbox 2212 2647 2660 2726; x_wconf 75' lang='grc' dir='ltr'><strong><em>άναγγέλλειν</em></strong></span> 
     </span>
     <span class='ocr_line' id='line_1_19' title="bbox 598 2766 2659 2855; baseline -0 -22"><span class='ocrx_word' id='word_1_130' title='bbox 598 2768 970 2834; x_wconf 77' lang='lat' dir='ltr'>renuntiare.</span> <span class='ocrx_word' id='word_1_131' title='bbox 1063 2768 1248 2855; x_wconf 87' lang='lat' dir='ltr'>Apud</span> <span class='ocrx_word' id='word_1_132' title='bbox 1316 2767 1700 2835; x_wconf 89' lang='lat' dir='ltr'>Herodotum</span> <span class='ocrx_word' id='word_1_133' title='bbox 1766 2792 1818 2835; x_wconf 90' lang='lat' dir='ltr'>e.</span> <span class='ocrx_word' id='word_1_134' title='bbox 1861 2791 1913 2834; x_wconf 91' lang='lat' dir='ltr'>c.</span> <span class='ocrx_word' id='word_1_135' title='bbox 1977 2766 2115 2833; x_wconf 91' lang='lat' dir='ltr'>Lib.</span> <span class='ocrx_word' id='word_1_136' title='bbox 2162 2767 2229 2848; x_wconf 92' lang='lat' dir='ltr'>I,</span> <span class='ocrx_word' id='word_1_137' title='bbox 2298 2767 2442 2853; x_wconf 86' lang='lat' dir='ltr'>Cap.</span> <span class='ocrx_word' id='word_1_138' title='bbox 2514 2769 2659 2832; x_wconf 79' lang='lat'><strong>127.</strong></span> 
     </span>
     <span class='ocr_line' id='line_1_20' title="bbox 600 2886 2658 2971; baseline -0.001 -18"><span class='ocrx_word' id='word_1_139' title='bbox 600 2887 968 2967; x_wconf 76' lang='grc' dir='ltr'><strong><em>Ἀστυάγης</em></strong></span> <span class='ocrx_word' id='word_1_140' title='bbox 1012 2889 1075 2953; x_wconf 78' lang='grc' dir='ltr'>δὲ</span> <span class='ocrx_word' id='word_1_141' title='bbox 1119 2890 1193 2960; x_wconf 77' lang='grc' dir='ltr'>ὥς</span> <span class='ocrx_word' id='word_1_142' title='bbox 1243 2888 1499 2953; x_wconf 79' lang='grc' dir='ltr'><strong><em>ἐπύθετο</em></strong></span> <span class='ocrx_word' id='word_1_143' title='bbox 1551 2895 1741 2971; x_wconf 79' lang='grc' dir='ltr'><strong><em>Κῦρον</em></strong></span> <span class='ocrx_word' id='word_1_144' title='bbox 1806 2890 2163 2967; x_wconf 71' lang='grc' dir='ltr'><strong><em>πρήσσοντα</em></strong></span> <span class='ocrx_word' id='word_1_145' title='bbox 2206 2893 2451 2963; x_wconf 78' lang='grc' dir='ltr'><strong><em>ταῦτα,</em></strong></span> <span class='ocrx_word' id='word_1_146' title='bbox 2492 2886 2658 2966; x_wconf 83' lang='grc' dir='ltr'><strong><em>πέμ-</em></strong></span> 
     </span>
     <span class='ocr_line' id='line_1_21' title="bbox 597 3005 2656 3090; baseline -0.001 -17"><span class='ocrx_word' id='word_1_147' title='bbox 597 3016 731 3090; x_wconf 82' lang='grc' dir='ltr'>ψας</span> <span class='ocrx_word' id='word_1_148' title='bbox 781 3007 1064 3088; x_wconf 78' lang='grc' dir='ltr'><strong><em>άγγελον</em></strong></span> <span class='ocrx_word' id='word_1_149' title='bbox 1114 3005 1338 3073; x_wconf 80' lang='grc' dir='ltr'><strong><em>ἐκάλεε</em></strong></span> <span class='ocrx_word' id='word_1_150' title='bbox 1386 3007 1596 3073; x_wconf 79' lang='grc' dir='ltr'><strong><em>αὐτόν.</em></strong></span> <span class='ocrx_word' id='word_1_151' title='bbox 1649 3009 1677 3072; x_wconf 81' lang='lat' dir='ltr'>o‘</span> <span class='ocrx_word' id='word_1_152' title='bbox 1729 3010 1790 3074; x_wconf 78' lang='grc' dir='ltr'>δὲ</span> <span class='ocrx_word' id='word_1_153' title='bbox 1837 3013 2024 3090; x_wconf 78' lang='grc' dir='ltr'><em>Κῦρος</em></span> <span class='ocrx_word' id='word_1_154' title='bbox 2072 3007 2318 3073; x_wconf 80' lang='grc' dir='ltr'><strong><em>ἐκέλευε</em></strong></span> <span class='ocrx_word' id='word_1_155' title='bbox 2375 3008 2478 3073; x_wconf 82' lang='grc' dir='ltr'>τὸν</span> <span class='ocrx_word' id='word_1_156' title='bbox 2531 3005 2656 3086; x_wconf 80' lang='grc' dir='ltr'>άγ-</span> 
     </span>
     <span class='ocr_line' id='line_1_22' title="bbox 597 3125 2659 3207; baseline -0.002 -13"><span class='ocrx_word' id='word_1_157' title='bbox 597 3144 784 3206; x_wconf 86' lang='grc' dir='ltr'><strong><em>γελον</em></strong></span> <span class='ocrx_word' id='word_1_158' title='bbox 814 3125 1303 3207; x_wconf 67' lang='grc' dir='ltr'>ἀπαγγέλλειν.</span> <span class='ocrx_word' id='word_1_159' title='bbox 1353 3128 1602 3193; x_wconf 87' lang='lat' dir='ltr'>Numne</span> <span class='ocrx_word' id='word_1_160' title='bbox 1639 3126 2087 3206; x_wconf 84' lang='grc' dir='ltr'><strong><em>άναγγέλλειν</em></strong></span> <span class='ocrx_word' id='word_1_161' title='bbox 2115 3127 2298 3192; x_wconf 88' lang='lat' dir='ltr'>iussit</span> <span class='ocrx_word' id='word_1_162' title='bbox 2332 3126 2659 3193; x_wconf 79' lang='lat' dir='ltr'>nuntium?</span> 
     </span>
    </p>

    <p class='ocr_par' dir='ltr' id='par_1_6' title="bbox 585 3244 2656 4170">
     <span class='ocr_line' id='line_1_23' title="bbox 684 3244 2656 3336; baseline -0.002 -24"><span class='ocrx_word' id='word_1_163' title='bbox 684 3249 833 3313; x_wconf 75' lang='grc' dir='ltr'>άνά</span> <span class='ocrx_word' id='word_1_164' title='bbox 882 3270 991 3336; x_wconf 82' lang='lat' dir='ltr'>pro</span> <span class='ocrx_word' id='word_1_165' title='bbox 1039 3247 1222 3313; x_wconf 74' lang='grc' dir='ltr'><strong><em>άντὶ</em></strong></span> <span class='ocrx_word' id='word_1_166' title='bbox 1272 3247 1497 3334; x_wconf 83' lang='lat' dir='ltr'>legitur</span> <span class='ocrx_word' id='word_1_167' title='bbox 1543 3247 1678 3312; x_wconf 86' lang='lat' dir='ltr'>vice</span> <span class='ocrx_word' id='word_1_168' title='bbox 1722 3268 1892 3312; x_wconf 83' lang='lat' dir='ltr'>versa</span> <span class='ocrx_word' id='word_1_169' title='bbox 1936 3246 2002 3311; x_wconf 91' lang='lat' dir='ltr'>in</span> <span class='ocrx_word' id='word_1_170' title='bbox 2056 3244 2256 3310; x_wconf 83' lang='lat' dir='ltr'>verbis</span> <span class='ocrx_word' id='word_1_171' title='bbox 2303 3244 2656 3331; x_wconf 84' lang='lat' dir='ltr'>compositis</span> 
     </span>
     <span class='ocr_line' id='line_1_24' title="bbox 591 3364 2653 3450; baseline -0.002 -18"><span class='ocrx_word' id='word_1_172' title='bbox 591 3368 994 3449; x_wconf 81' lang='grc' dir='ltr'><strong><em>άνατρέπειν,</em></strong></span> <span class='ocrx_word' id='word_1_173' title='bbox 1059 3366 1479 3450; x_wconf 67' lang='grc' dir='ltr'><strong><em>ἀναστρέφειν</em></strong></span> <span class='ocrx_word' id='word_1_174' title='bbox 1543 3373 1603 3433; x_wconf 88' lang='lat' dir='ltr'>et</span> <span class='ocrx_word' id='word_1_175' title='bbox 1656 3365 2116 3447; x_wconf 83' lang='grc' dir='ltr'><strong><em>άντιστρέφειν.</em></strong></span> <span class='ocrx_word' id='word_1_176' title='bbox 2213 3364 2460 3430; x_wconf 82' lang='lat' dir='ltr'>Errores</span> <span class='ocrx_word' id='word_1_177' title='bbox 2520 3385 2653 3450; x_wconf 88' lang='lat' dir='ltr'>per-</span> 
     </span>
     <span class='ocr_line' id='line_1_25' title="bbox 591 3481 2654 3555; baseline -0.003 -3"><span class='ocrx_word' id='word_1_178' title='bbox 591 3487 815 3553; x_wconf 87' lang='lat' dir='ltr'>multos</span> <span class='ocrx_word' id='word_1_179' title='bbox 876 3489 955 3553; x_wconf 76' lang='lat' dir='ltr'>in</span> <span class='ocrx_word' id='word_1_180' title='bbox 1019 3487 1293 3555; x_wconf 85' lang='lat' dir='ltr'>&#39;Luciano</span> <span class='ocrx_word' id='word_1_181' title='bbox 1361 3510 1434 3553; x_wconf 87' lang='lat' dir='ltr'>ex</span> <span class='ocrx_word' id='word_1_182' title='bbox 1503 3486 1618 3552; x_wconf 91' lang='lat' dir='ltr'>hac</span> <span class='ocrx_word' id='word_1_183' title='bbox 1688 3486 2046 3551; x_wconf 86' lang='lat' dir='ltr'>confusione</span> <span class='ocrx_word' id='word_1_184' title='bbox 2112 3489 2289 3549; x_wconf 83' lang='lat' dir='ltr'>natos</span> <span class='ocrx_word' id='word_1_185' title='bbox 2344 3481 2654 3547; x_wconf 74' lang='lat' dir='ltr'>indicavit</span> 
     </span>
     <span class='ocr_line' id='line_1_26' title="bbox 590 3604 2652 3700; baseline -0.002 -27"><span class='ocrx_word' id='word_1_186' title='bbox 590 3607 860 3674; x_wconf 86' lang='lat' dir='ltr'>Cobetus</span> <span class='ocrx_word' id='word_1_187' title='bbox 901 3608 1046 3700; x_wconf 72' lang='lat' dir='ltr'>Var.</span> <span class='ocrx_word' id='word_1_188' title='bbox 1092 3609 1263 3674; x_wconf 89' lang='lat' dir='ltr'>Lect.</span> <span class='ocrx_word' id='word_1_189' title='bbox 1311 3631 1372 3695; x_wconf 91' lang='lat' dir='ltr'>p.</span> <span class='ocrx_word' id='word_1_190' title='bbox 1426 3610 1573 3672; x_wconf 77' lang='lat'>146.</span> <span class='ocrx_word' id='word_1_191' title='bbox 1665 3606 1818 3672; x_wconf 87' lang='lat' dir='ltr'>Luc.</span> <span class='ocrx_word' id='word_1_192' title='bbox 1850 3629 1967 3689; x_wconf 80' lang='lat' dir='ltr'>pro</span> <span class='ocrx_word' id='word_1_193' title='bbox 2006 3605 2177 3688; x_wconf 67' lang='lat' dir='ltr'>lapw</span> <span class='ocrx_word' id='word_1_194' title='bbox 2220 3604 2286 3669; x_wconf 76' lang='lat' dir='ltr'>in</span> <span class='ocrx_word' id='word_1_195' title='bbox 2320 3604 2652 3670; x_wconf 59' lang='lat' dir='ltr'>salutando</span> 
     </span>
     <span class='ocr_line' id='line_1_27' title="bbox 588 3722 2648 3814; baseline -0.001 -23"><span class='ocrx_word' id='word_1_196' title='bbox 588 3728 624 3812; x_wconf 58' lang='grc' dir='ltr'>ᾧ</span> <span class='ocrx_word' id='word_1_197' title='bbox 677 3730 754 3792; x_wconf 93' lang='grc'>10</span> <span class='ocrx_word' id='word_1_198' title='bbox 802 3750 857 3792; x_wconf 87' lang='lat' dir='ltr'>e.</span> <span class='ocrx_word' id='word_1_199' title='bbox 885 3750 935 3793; x_wconf 85' lang='lat' dir='ltr'>o.</span> <span class='ocrx_word' id='word_1_200' title='bbox 999 3728 1331 3814; x_wconf 77' lang='lat' dir='ltr'>&#39;legendum</span> <span class='ocrx_word' id='word_1_201' title='bbox 1398 3733 1521 3793; x_wconf 84' lang='lat' dir='ltr'>est:</span> <span class='ocrx_word' id='word_1_202' title='bbox 1596 3726 1706 3791; x_wconf 63' lang='grc' dir='ltr'>1καὶ</span> <span class='ocrx_word' id='word_1_203' title='bbox 1782 3725 1808 3789; x_wconf 83' lang='grc' dir='ltr'>ὁ</span> <span class='ocrx_word' id='word_1_204' title='bbox 1879 3733 2277 3803; x_wconf 78' lang='grc' dir='ltr'><strong><em>Πτολεμαῖος</em></strong></span> <span class='ocrx_word' id='word_1_205' title='bbox 2353 3722 2648 3806; x_wconf 77' lang='grc' dir='ltr'><strong><em>Σελεύκῳ</em></strong></span> 
     </span>
     <span class='ocr_line' id='line_1_28' title="bbox 586 3844 2648 3929; baseline -0.002 -18"><span class='ocrx_word' id='word_1_206' title='bbox 586 3846 970 3912; x_wconf 79' lang='grc' dir='ltr'><strong><em>ἐπιστέλλων</em></strong></span> <span class='ocrx_word' id='word_1_207' title='bbox 1045 3853 1268 3929; x_wconf 78' lang='grc' dir='ltr'><strong><em>σαφῶς</em></strong></span> <span class='ocrx_word' id='word_1_208' title='bbox 1336 3846 1751 3928; x_wconf 68' lang='grc' dir='ltr'><strong><em>άντέστρεψε</em></strong></span> <span class='ocrx_word' id='word_1_209' title='bbox 1807 3846 1922 3920; x_wconf 64' lang='grc' dir='ltr'>τὴν</span> <span class='ocrx_word' id='word_1_210' title='bbox 1967 3844 2181 3922; x_wconf 71' lang='grc' dir='ltr'><strong><em>τάξιν.</em></strong></span> <span class='ocrx_word' id='word_1_211' title='bbox 2275 3844 2439 3908; x_wconf 86' lang='lat' dir='ltr'>Nam</span> <span class='ocrx_word' id='word_1_212' title='bbox 2493 3845 2648 3908; x_wconf 77' lang='grc' dir='ltr'><strong><em>άνα-</em></strong></span> 
     </span>
     <span class='ocr_line' id='line_1_29' title="bbox 585 3962 2650 4053; baseline -0 -22"><span class='ocrx_word' id='word_1_213' title='bbox 585 3965 876 4048; x_wconf 83' lang='grc' dir='ltr'><strong><em>στρέφειν</em></strong></span> <span class='ocrx_word' id='word_1_214' title='bbox 921 3966 1277 4053; x_wconf 85' lang='lat' dir='ltr'>simpliciter</span> <span class='ocrx_word' id='word_1_215' title='bbox 1315 3966 1623 4053; x_wconf 83' lang='lat' dir='ltr'>significat</span> <span class='ocrx_word' id='word_1_216' title='bbox 1672 3974 1930 4047; x_wconf 76' lang='lat' dir='ltr'>vertere,</span> <span class='ocrx_word' id='word_1_217' title='bbox 1980 3962 2438 4046; x_wconf 79' lang='grc' dir='ltr'><strong><em>άντιστρέφειν,</em></strong></span> <span class='ocrx_word' id='word_1_218' title='bbox 2485 3965 2650 4050; x_wconf 87' lang='lat' dir='ltr'>quod</span> 
     </span>
     <span class='ocr_line' id='line_1_30' title="bbox 585 4085 1884 4170; baseline 0 -20"><span class='ocrx_word' id='word_1_219' title='bbox 585 4086 684 4152; x_wconf 89' lang='lat' dir='ltr'>hic</span> <span class='ocrx_word' id='word_1_220' title='bbox 719 4085 1069 4170; x_wconf 85' lang='lat' dir='ltr'>requiritur,</span> <span class='ocrx_word' id='word_1_221' title='bbox 1119 4088 1182 4150; x_wconf 78' lang='lat' dir='ltr'>in</span> <span class='ocrx_word' id='word_1_222' title='bbox 1228 4087 1593 4151; x_wconf 75' lang='lat' dir='ltr'>contrarium</span> <span class='ocrx_word' id='word_1_223' title='bbox 1638 4092 1884 4151; x_wconf 79' lang='lat' dir='ltr'>vertere.</span> 
     </span>
    </p>

    <p class='ocr_par' dir='ltr' id='par_1_7' title="bbox 673 4200 2648 4293">
     <span class='ocr_line' id='line_1_31' title="bbox 673 4200 2648 4293; baseline 0.001 -24"><span class='ocrx_word' id='word_1_224' title='bbox 673 4205 967 4270; x_wconf 86' lang='lat' dir='ltr'>Similiter</span> <span class='ocrx_word' id='word_1_225' title='bbox 1014 4205 1245 4271; x_wconf 85' lang='lat' dir='ltr'>scribae</span> <span class='ocrx_word' id='word_1_226' title='bbox 1288 4211 1617 4293; x_wconf 80' lang='lat' dir='ltr'>peccarunt</span> <span class='ocrx_word' id='word_1_227' title='bbox 1660 4207 1729 4270; x_wconf 89' lang='lat' dir='ltr'>in</span> <span class='ocrx_word' id='word_1_228' title='bbox 1769 4203 2197 4290; x_wconf 86' lang='lat' dir='ltr'>Xenophontis</span> <span class='ocrx_word' id='word_1_229' title='bbox 2243 4200 2648 4291; x_wconf 83' lang='lat' dir='ltr'>Cyropaediae</span> 
     </span>
    </p>
   </div>
  </div>
 </body>
</html>
