3320 5169
1568 518 1651 579 23

572 725 726 796 οὖσα
790 730 895 794 καὶ
968 731 1205 805 Σκιώνη
1270 729 1375 794 καὶ
1422 727 1808 806 Ἱππάφεσις
1882 728 2029 792 καὶ.
2062 779 2075 794 .
2108 776 2161 793 ..
2191 778 2204 791 .
2312 725 2385 792 In
2456 731 2626 792 tanta

571 851 910 937 frequentia
965 850 1300 937 particulae
1346 849 1453 914 καὶ
1494 849 1655 915 haud
1696 849 2053 937 ‘poenitebit
2093 849 2351 937 primam
2397 869 2625 933 expun-

570 970 728 1039 xisse
774 976 976 1036 natam
1024 993 1058 1035 e
1103 970 1518 1057 dittographia
1558 969 1726 1055 (vid.
1765 969 1917 1057 Cap.
1963 969 2141 1054 VII).
2235 967 2620 1055 Legendum:

571 1100 644 1156 ‹1>.
712 1091 790 1170 γε’
852 1117 941 1157 τοι
1003 1090 1330 1156 ἐπαύσατο
1388 1089 1792 1171 πορνευομένη
1853 1089 1944 1155 ἔτι
2003 1087 2112 1154 νέα
2169 1084 2323 1154 οὖσα
2374 1112 2434 1153 κ.
2464 1111 2524 1152 τ’.
2558 1101 2622 1153 λ.

567 1210 791 1278 Eadem
841 1235 1021 1298 opera
1067 1211 1449 1277 Athenaeum
1496 1211 1613 1276 alio
1660 1211 1815 1276 vitio
1862 1208 2132 1276 liberabo
2194 1209 2357 1294 quod
2417 1207 2625 1294 depre-

566 1330 750 1395 hendi
797 1330 859 1395 in
908 1330 1112 1395 verbis
1156 1353 1312 1415 quae
1356 1331 1649 1396 continuo
1696 1336 2053 1415 sequuntur.

659 1449 1061 1528 ’,Δημοσθένη
1137 1450 1199 1515 δὲ
1271 1450 1375 1513 τὸν
1449 1452 1669 1530 ῥήτορα
1746 1451 1852 1514 καὶ
1926 1449 2480 1523 τεκνοποιήσασθαι
2554 1445 2622 1523 ἐξ

567 1570 815 1649 ἑταίρας
862 1569 998 1649 ἔχει
1048 1568 1256 1647 λόγος.
1302 1570 1491 1640 αὐτὸς
1538 1575 1689 1646 γοῦν
1733 1572 1793 1633 ἐν
1835 1571 1917 1648 τῷ
1968 1569 2104 1649 περὶ
2150 1566 2408 1647 Χρυσίου
2450 1564 2619 1645 λόγῳ

566 1686 931 1770 προαγήοχε
990 1690 1073 1752 τα
1127 1690 1316 1753 τέκνα
1368 1689 1467 1752 ἐπὶ
1522 1690 1591 1753 τὸ
1653 1690 2075 1769 δικαστήριον.
2128 1689 2203 1758 ὥς
2258 1686 2333 1750 δι’
2376 1684 2617 1751 ἐκείνων

566 1807 733 1873 ἔλεον
792 1806 977 1886 ἕξων,
1048 1809 1236 1889 χωρὶς
1283 1816 1393 1881 τῆς
1444 1810 1709 1888 μητρὸς,
1763 1809 1962 1873 καίτοι
2010 1807 2134 1880 ἔθος
2186 1805 2452 1888 ἐχόντων
2502 1810 2621 1868 τῶν

565 1929 920 2008 κρινομένων
990 1928 1108 2000 τας
1177 1937 1486 2005 γυναῖκας
1545 1928 1920 2006 ἐπάγεσθαι.
1991 1930 2145 1992 ἀλλ’
2183 1926 2348 1991 αἰδοῖ
2405 1926 2621 1989 τοῦτ’

566 2049 901 2123 ἐποίησε
956 2047 1214 2130 φεύγων
1283 2049 1395 2123 την
1459 2048 1783 2126 διαβολήν.
1871 2049 2098 2134 Ecquis
2145 2046 2454 2113 dubitabit
2498 2067 2620 2110 me-

564 2192 699 2234 eum
759 2193 1078 2256 reponere:
1150 2172 1302 2234 ἀλλ’
1344 2169 1509 2235 αἰδοῖ
1544 2172 1717 2234 τοῦτ’
1752 2173 1888 2236 οὐκ
1938 2167 2240 2245 {mino-s?
2331 2166 2624 2233 Animad-

563 2290 914 2355 vertendum
961 2292 1286 2376 particulas
1332 2293 1434 2367 οὐ,
1481 2293 1606 2368 μὴ,
1656 2291 1755 2356 ἀεὶ
1805 2298 1923 2356 ete.
1949 2288 2273 2355 sexcentis
2325 2287 2475 2353 locis
2521 2310 2620 2353 ex-

564 2408 805 2474 cidisse.

653 2528 980 2594 Manifesta
1041 2529 1481 2619 dittographia‚
1550 2533 1616 2597 ni
1687 2530 1887 2610 fallor,
1959 2529 2194 2596 obsidet
2253 2528 2498 2594 Lucret.
2546 2526 2620 2592 de

561 2646 743 2714 Deor.
791 2650 940 2715 Nat.
989 2673 1046 2714 v.
1102 2654 1247 2716 150.
1329 2652 1710 2717 Praecedunt
1753 2650 2075 2716 notissima
2119 2649 2255 2715 illa:

797 2846 968 2903 Hune
1008 2846 1181 2922 igitur
1218 2852 1478 2906 terrorem
1518 2849 1690 2906 animi
1730 2848 2091 2925 tenebrasque
2130 2867 2350 2906 necesse
2391 2852 2475 2906 est

795 2949 929 3005 Non
969 2948 1110 3006 radii
1154 2950 1287 3007 solis
1328 2970 1507 3027 neque
1548 2950 1737 3007 lucida
1775 2950 1886 3008 tela
1925 2949 2037 3007 diei

795 3050 1116 3109 Discutiunt
1157 3052 1255 3109 sed
1296 3057 1524 3110 naturae
1567 3053 1773 3128 speeies
1813 3052 2079 3128 ratioque.

648 3217 881 3282 Deinde
926 3220 1227 3305 sequitur:

793 3396 1138 3474 Principium
1176 3399 1300 3455 hinc
1340 3398 1498 3455 6111116
1540 3397 1703 3454 1101116
1745 3397 1970 3455 exordia
2010 3403 2190 3456 sumet
2206 3442 2220 3467 ,

792 3499 1024 3557 Nullam
1065 3520 1181 3558 rem
1222 3520 1250 3558 e
1291 3500 1467 3558 nihilo
1509 3500 1667 3576 gigni
1708 3499 1979 3558 divinitus
2020 3519 2283 3578 unquam.

645 3687 768 3768 Qui
803 3687 1121 3752 verborum
1162 3710 1384 3751 nexum
1433 3688 1698 3752 attendit
1733 3694 1794 3752 et
1827 3710 1998 3753 aures
2045 3688 2253 3768 habet,
2302 3688 2609 3752 restituet:

954 3875 1297 3952 Principium
1337 3876 1496 3934 6111116
1537 3877 1701 3935 1101116
1742 3878 1965 3935 exordia
2013 3883 2207 3933 sumet.

645 4065 720 4128 In
782 4064 1011 4129 Herod.
1075 4064 1240 4130 Libr.
1311 4066 1378 4142 V,
1443 4064 1592 4150 Cap.
1658 4067 1740 4128 33
1812 4065 2080 4127 offendor
2147 4063 2313 4125 hisce
2381 4061 2608 4125 verbis:

562 4184 737 4261 „20¹1
788 4185 850 4247 δὲ
901 4183 1006 4246 καὶ
1071 4183 1444 4247 τούτοισι
1510 4192 1724 4247 τοῖσι
1793 4185 2225 4261 πρήγμασι
2289 4179 2352 4242 τί
2399 4180 2607 4255 ἐστι”ς
