3320 5169
1555 559 1638 622 41

577 774 914 847 κολακείαις
934 802 956 840 .·
1023 774 1129 839 καὶ
1191 771 1417 837 ἄλλοι
1483 775 1753 837 τοιαῦτα
1831 774 2156 858 (mutatum
2226 794 2333 858 pro
2391 774 2631 857 ταῦτα)

578 894 782 976 λέγων
834 896 961 961 ἀπὸ
1026 900 1133 961 ro&
1202 895 1456 974 ἱματίου
1519 895 1789 976 ἀφελεῖν
1841 892 2126 974 κροκύδα.
2226 892 2353 958 Ubi
2409 892 2637 980 optime

473 1020 479 1031 '
582 1017 840 1082 correxit
885 1017 1316 1082 Schneiderus:
1367 1017 1470 1081 καὶ
1521 1012 1694 1091 ἅμα
1743 1019 1955 1078 ταῦτα
2002 1013 2206 1093 λέγων
2246 1014 2296 1098 1)
2360 1013 2466 1079 sed
2513 1012 2636 1078 edi-

581 1135 812 1201 toribus
871 1136 960 1201 ita
1024 1136 1363 1202 necessario
1433 1135 1757 1222 legendum
1828 1157 1956 1200 esse
2023 1133 2352 1221 persuasit:
2423 1131 2638 1219 quidni

583 1257 713 1321 fieri
749 1278 923 1343 posse
960 1263 1029 1320 ut
1075 1254 1254 1320 ἄλλοι
1300 1261 1569 1320 τοιαῦτα
1609 1255 1916 1342 scripserit
1951 1253 2437 1341 Theophrastus?
2501 1252 2638 1318 Pla-

584 1383 722 1441 cent
770 1398 880 1441 sua
927 1378 1164 1463 cuique.
1259 1380 1346 1441 At
1387 1376 1509 1440 iam
1556 1381 1803 1463 apparet
1857 1381 1930 1441 ut
1975 1373 2190 1461 opinor
2235 1396 2419 1459 quam
2463 1371 2637 1439 utilis

583 1518 678 1559 res
722 1495 803 1559 sit
855 1496 922 1559 in
967 1503 1207 1582 promtu
1253 1495 1471 1561 habere
1515 1494 1781 1560 rationes
1827 1493 2369 1581 palaeographicae.

674 1623 721 1678 Γ
772 1614 1117 1702 saepissime
1165 1616 1485 1679 confusum
1533 1621 1625 1679 est
1670 1637 1807 1679 cum
1854 1613 2180 1700 Digamma
2225 1612 2472 1678 Aeolico
2515 1634 2640 1677 non

588 1733 849 1798 multum
895 1733 1178 1798 dissimili
1224 1735 1418 1821 figura
1462 1757 1741 1821 expresso
1781 1737 1854 1820 2).
1945 1733 2269 1819 Digamma
2321 1735 2417 1818 (w,
2467 1735 2527 1818 v)
2576 1734 2641 1798 in

588 1852 801 1936 quavis
854 1852 1065 1939 lingua
1125 1861 1185 1917 et
1239 1853 1500 1918 dialecto
1553 1853 1730 1918 facile
1787 1852 2004 1917 transit
2049 1851 2114 1916 in
2169 1876 2201 1915 υ
2248 1858 2310 1917 et
2363 1851 2446 1929 βς
2512 1874 2641 1916 mu·

511 2053 515 2057 ,
586 1969 741 2035 tatio
801 1972 864 2036 in
924 1996 969 2050 y
1035 1993 1210 2052 vem,
1268 1972 1414 2036 licet
1458 1970 1596 2037 aliis
1643 1971 2066 2058 compluribus
2093 1969 2318 2058 linguis
2362 1970 2639 2059 propria,

587 2091 748 2156 intra
794 2079 1158 2157 Graecitatis
1206 2093 1356 2156 fines
1400 2097 1632 2172 tamen,
1682 2091 1746 2156 ni
1793 2092 2175 2156 vehementer
2228 2091 2419 2171 fallor,
2475 2090 2644 2155 nulla

589 2210 808 2274 idonea
853 2211 1213 2275 auctoritate
1257 2212 1664 2278 confirmatur.
1738 2209 2199 2276 Animadvertat
2237 2209 2390 2274 mihi
2426 2209 2644 2294 aliquis

591 2329 876 2394 mirificas
911 2329 1142 2416 glossas
1180 2329 1599 2415 Hesychianas
1638 2330 1846 2414 quales
1885 2336 2028 2394 sunt
2065 2329 2405 2406 γακτὸς,
2440 2328 2642 2393 κλάσ-

593 2473 729 2528 μοις
776 2447 1011 2528 yeme,
1060 2449 1296 2524 ἱκανὸνς
1342 2446 1813 2527 γαινδοένειν,
1854 2448 2169 2528 οέρὲσκεινς
2220 2449 2642 2527 ymnum),

594 2569 811 2646 ουλαὶς
864 2570 1096 2651 γεάρ,
1144 2568 1290 2650 gapt,
1345 2569 1713 2649 γε’κοιλον,
1759 2567 2024 2651 ἤσυχονς
2068 2569 2329 2649 yso-r&
2378 2567 2644 2645 ἔνδυσιςς

595 2692 759 2771 yla,
798 2688 946 2765 ἄνθη
967 2692 1040 2775 3).
1088 2691 1298 2755 Unum
1325 2690 1594 2755 omnium
1619 2690 2119 2755 absurdissimum
2151 2697 2244 2756 est
2277 2691 2419 2771 γοὶ,
2457 2692 2650 2772 αὐτῷ.

595 2813 726 2877 Iam
763 2814 1066 2897 quomodo
1108 2813 1524 2897 corrigendum
1572 2813 1654 2876 sit
1701 2811 1864 2891 γοὶ,
1916 2814 2118 2893 αὐτῷ,
2170 2814 2336 2897 quod
2371 2812 2490 2877 fide
2528 2836 2651 2878 ma-

596 2933 690 2997 ius
736 2938 857 3012 est,
905 2955 1027 2996 non
1074 2933 1236 3019 fugit
1282 2932 1442 2996 viros
1490 2932 1700 2996 doctos
1714 2959 1732 3011 3
1780 2933 1963 2997 iidem
2012 2940 2216 2997 tamen
2263 2932 2653 3020 gravissimas

593 3051 829 3136 regulas
876 3058 936 3115 et
980 3052 1245 3116 theorias
1294 3050 1368 3115 de
1414 3050 1740 3136 Digamma
1802 3059 2222 3137 superstruunt
2283 3051 2419 3117 aliis
2466 3055 2652 3140 scrip-

594 3172 747 3236 turis
803 3193 992 3255 aeque
1052 3169 1288 3234 vitiosis
1333 3169 1409 3253 4).
1503 3168 1568 3233 Si
1623 3192 1720 3234 me
1770 3170 1978 3248 audiS,
2030 3170 2371 3255 Hesychius
2417 3178 2487 3234 ut
2535 3171 2654 3236 alia

596 3290 786 3355 multa
855 3290 1075 3355 stolide
1143 3289 1230 3353 sic
1297 3289 1448 3352 haec
1516 3310 1760 3372 quoque
1825 3288 1916 3354 nil
1984 3289 2107 3353 doli
2179 3290 2520 3376 suspicatus
2586 3290 2652 3353 in

664 3609 706 3678 ¹)
762 3606 843 3664 Cf.
879 3606 1045 3664 Dobr.
1081 3606 1333 3663 Adverss.
1369 3608 1427 3673 I,
1465 3625 1585 3680 pag.
1624 3608 1747 3663 161.

663 3695 706 3764 ²)
762 3694 844 3749 Cf.
880 3692 1010 3752 Tab.
1046 3694 1446 3752 HeracleenseS.

664 3783 705 3854 ³)
763 3780 904 3837 Vide
940 3781 1136 3838 Athen.
1173 3781 1294 3837 Lib.
1332 3779 1487 3848 XIV,
1526 3800 1578 3854 p.
1616 3782 1747 3848 629,
1786 3799 1841 3836 e:

594 3874 701 3929 ποῦ
733 3894 824 3942 μοι
864 3876 943 3930 ‘ric
976 3872 1131 3944 ῥόδα,
1162 3868 1305 3952 Ιποῦ
1335 3895 1424 3944 μω
1463 3877 1542 3930 ‘ric
1574 3871 1758 3949 (Γ)ἰόι,
1785 3869 1793 3952 Ι
1822 3874 1928 3929 ποῦ’
1962 3895 2051 3942 μοι
2091 3877 2169 3929 ‘tic
2198 3877 2358 3929 καλῑι
2392 3874 2615 3933 σέλινοω
2642 3870 2651 3952 Ι

517 4045 520 4050 ἡ
596 3968 729 4026 ταδὶ
773 3972 851 4026 τὰ
891 3969 1044 4040 ῥόδα,
1074 3967 1082 4049 Ι
1110 3969 1243 4027 ταδὶ
1287 3975 1366 4027 ‘tic
1408 3967 1487 4048 (Γ)
1505 3968 1596 4034 Yet,
1624 3965 1632 4048 Ι
1662 3969 1795 4026 ταδὶ
1839 3972 1918 4025 τὰ
1960 3971 2120 4025 καλῖι
2162 3963 2394 4045 σέλινειΙ

663 4063 706 4132 4)
765 4061 848 4117 Cf.
886 4080 931 4118 e.
957 4080 1009 4134 g.
1046 4080 1183 4133 quae
1220 4081 1282 4117 ea
1319 4062 1385 4118 de
1419 4080 1474 4118 re
1511 4061 1753 4135 disputat
1787 4060 2080 4116 Ahrensius
2117 4060 2174 4115 in
2208 4058 2486 4115 notissimo
2516 4058 2654 4118 libro

593 4149 655 4203 de
687 4148 936 4203 Dialectis
977 4150 1184 4204 Graecis
1230 4147 1324 4202 ubi
1374 4146 1547 4202 multa
1586 4147 1890 4202 doctissime
1932 4148 1988 4201 et
2032 4145 2325 4202 rectissime
2372 4144 2655 4202 observata

591 4241 744 4307 sunt,
783 4238 956 4295 multa
992 4258 1126 4313 quae
1164 4238 1368 4295 nullam
1405 4238 1779 4311 chccchyxn'v
1815 4236 2012 4293 habent
2049 4237 2237 4294 melius
2275 4237 2536 4296 abessent.
