3320 5169
1552 519 1632 585 27

667 733 764 801 Ad
814 755 1051 799 versum
1102 735 1183 797 87
1235 731 1308 801 B.
1357 731 1663 818 Odysseae

802 914 916 999 (σοὶ
981 914 1032 976 δ’
1071 912 1198 977 οὔτι
1257 919 1603 994 μνηστῆρες
1647 915 1930 993 Ἀχαιῶν
1979 912 2169 978 αἴτιοί
2213 915 2363 1011 εἰσιν

886 1032 1062 1097 ἀλλὰ
1113 1032 1273 1114 <plan
1327 1033 1557 1116 μήτηρ)

575 1210 684 1276 ubi
733 1211 1039 1276 Antinous
1101 1211 1268 1276 duris
1313 1209 1513 1275 verbis
1573 1209 1886 1275 invehitur
1930 1210 1995 1276 in
2042 1209 2463 1276 Telemachum
2509 1214 2640 1276 ma-'

574 1337 850 1416 tremque
873 1331 1264 1417 Penelopam,
1312 1331 1539 1396 variam
1572 1331 1892 1397 lectionem
1938 1330 2115 1395 nobis
2148 1331 2412 1397 servavit
2446 1331 2633 1397 Scho-

574 1451 778 1515 liastes
847 1473 1028 1537 supra
1097 1473 1278 1535 quam
1348 1451 1470 1515 dici
1546 1455 1747 1537 potest
1821 1450 2142 1516 absurdam
2210 1451 2314 1516 sed
2383 1451 2634 1521 eandem

575 1572 892 1638 observatu
953 1570 1017 1636 in
1074 1571 1375 1657 praesenti
1433 1571 1600 1637 haud
1673 1571 1977 1636 inutilem.
2071 1570 2320 1636 Scilicet
2381 1572 2632 1638 ascribit

574 1690 641 1754 in
686 1689 989 1777 margine:
1039 1688 1367 1772 γράφεται
1428 1690 1532 1754 καὶ
1589 1692 1632 1754 οἱ
1649 1689 1883 1770 χέων,
1937 1688 2124 1767 ἤγουν
2169 1694 2287 1754 τῶν
2330 1691 2628 1771 θλίψεων,

576 1811 738 1897 quod
778 1810 873 1875 uti
917 1811 1246 1877 lectoribus
1277 1810 1658 1875 commendet
1701 1811 1876 1875 docte
1924 1809 2125 1877 addit:
2176 1812 2209 1887 ἦ
2243 1811 2418 1887 ὀξεῖα
2455 1812 2629 1892 παρα

575 1931 659 2009 τῷ
708 1938 930 2013 ποιητῇ
980 1930 1277 1997 ἐκτείνει]
1357 1929 1458 1995 Sic
1505 1953 1667 1995 error
1713 1952 1969 1995 errorem
2015 1953 2222 2017 parere
2266 1931 2440 1996 solet.
2514 1934 2631 1996 Ac-

574 2056 705 2115 tum
762 2056 855 2114 est
916 2049 990 2115 de
1053 2056 1179 2116 arte
1237 2050 1488 2115 metrica
1549 2050 1656 2115 ubi
1711 2050 1860 2114 haec
1906 2055 1968 2115 et
2014 2050 2237 2115 similia
2282 2049 2629 2138 probantur.

576 2168 876 2250 Quocirca
928 2170 1089 2234 haud
1143 2169 1395 2256 illepida
1458 2192 1551 2235 res
1612 2176 1704 2234 est
1760 2169 2191 2235 Graeculorum
2237 2169 2523 2252 οὶκρισίαν
2571 2178 2632 2236 et

574 2290 981 2364 ἀναισθησίαν
1037 2289 1343 2355 interdum
1389 2289 1894 2370 animadvertere3
1943 2296 2246 2355 caeterum
2284 2291 2629 2377 ineptorum

577 2409 1107 2496 grammaticorum
1177 2415 1518 2475 commenta
1587 2417 1647 2474 et
1717 2409 2105 2475 deliramenta
2164 2410 2325 2475 nihil
2386 2433 2633 2496 prorsus

578 2550 884 2594 moramur
947 2535 1008 2595 et
1062 2529 1264 2595 πεδίον
1315 2531 1410 2595 vel
1456 2529 1731 2606 παιδίον,
1791 2527 1959 2595 ἔλεον
2009 2530 2107 2595 vel
2157 2528 2363 2618 ἔλαιον
2414 2530 2633 2596 scribe-

578 2672 712 2714 mus
757 2656 828 2716 ut
873 2649 1137 2715 maxime
1182 2651 1497 2737 placuerit.

669 2769 1017 2834 Admodum
1061 2770 1443 2856 negligenter
1496 2770 1727 2835 editum
1791 2776 1883 2835 est
1928 2770 2217 2835 Scholion
2263 2794 2385 2835 non
2435 2770 2635 2836 minus

578 2889 850 2975 ineptum
899 2890 976 2954 ad
1021 2888 1140 2955 Od.
1188 2889 1287 2969 II,
1339 2914 1399 2954 v.
1450 2893 1607 2955 305:

668 3011 786 3076 καί
827 3034 897 3074 τε
962 3009 1091 3096 τέο]
1164 3010 1234 3073 τὸ
1304 3033 1375 3073 τε
1446 3007 1751 3089 οὶόριστον.
1823 3009 1907 3073 διὸ
1975 3009 2078 3072 καὶ
2134 3008 2234 3073 ἐπὶ
2296 3014 2403 3074 τοῦ
2470 3011 2552 3075 κε’
2604 3011 2631 3073 ὃ

575 3131 766 3204 τόνος.
860 3132 1254 3215 Quantocyus
1321 3152 1541 3216 repone
1615 3129 1715 3193 ἐπὶ
1765 3133 1872 3194 τοῦ
1920 3129 2052 3192 καὶ
2106 3129 2131 3191 ὁ
2176 3127 2366 3201 τόνος.
2435 3130 2631 3195 Schol.

576 3253 651 3317 ad
710 3261 751 3319 Ξ
804 3254 932 3317 398
994 3250 1019 3312 ὃ
1072 3251 1325 3325 ποιητὴς
1366 3249 1663 3314 ‚cecinisse
1717 3251 1907 3314 fertur
1968 3251 2017 3314 εἶ
2073 3250 2135 3314 δὲ
2194 3250 2323 3313 καὶ
2391 3250 2479 3325 μὴ
2530 3247 2631 3312 ἔλ-

575 3373 740 3452 θῃσιν
788 3368 955 3447 ἄναξ
1001 3370 1164 3456 quod
1212 3370 1392 3434 etiam
1439 3369 1615 3455 peius
1663 3375 1772 3434 est.

664 3490 868 3556 Schol.
918 3490 994 3554 ad
1043 3498 1084 3555 Ξ
1138 3491 1261 3554 199
1312 3490 1714 3574 fragmentum
1762 3489 2112 3553 Callimachi
2179 3489 2240 3553 in
2295 3489 2462 3553 hunc
2509 3511 2633 3553 mo·

575 3610 718 3675 dum
766 3609 1090 3675 constituit
1136 3609 1478 3673 Porsonus:

843 3779 910 3844 ἔκ
959 3804 1042 3858 με
1092 3778 1427 3843 Κολωνοέων
1474 3802 1568 3850 τις
1620 3778 1902 3857 ὅμέστιον
1953 3779 2167 3857 ἤγαγε
2216 3781 2409 3858 δήμου

843 3904 963 3963 τῶν
1011 3898 1240 3979 ἑτάρων
1293 3899 1494 3983 (metri
1542 3921 1724 3964 causa
1770 3921 1878 3985 pro
1927 3898 2208 3985 ἑταίρων)

571 4082 675 4147 ubi
746 4104 980 4147 summo
1050 4081 1182 4145 iure
1230 4079 1298 4144 ἔκ
1344 4105 1425 4160 με
1487 4080 1733 4166 scripsit
1792 4103 1899 4166 pro
1958 4082 2026 4143 ἐκ
2077 4080 2191 4157 μὲν
2239 4085 2298 4144 et
2346 4078 2627 4157 ὃμέστιον

569 4226 678 4290 pro
735 4202 1019 4281 ὂμέστιος
1084 4201 1188 4266 sed
1247 4202 1311 4265 in
1372 4202 1491 4266 fine
1551 4206 1854 4287 praestare
1920 4201 2158 4265 videtur
2202 4198 2382 4264 lectio
2446 4222 2626 4284 quam
