3320 5169
1651 488 1730 551 72

668 701 959 789 quasdam
1005 699 1402 787 etymologias
1448 700 1513 765 in
1561 699 1826 766 medium
1870 700 2197 786 proferens.
2288 702 2489 783 Quem
2533 702 2721 768 animi

672 843 853 886 causa
890 819 1208 885 audiamus
1250 819 1699 906 disputantem:
1749 826 1947 885 νᾶπυ
1996 819 2108 899 μὲν
2154 821 2278 901 γὰρ
2318 816 2433 886 οἷον
2482 824 2717 903 νᾶφυ,

673 936 763 1005 ὅτι
817 939 1143 1020 ἐστέρηται
1191 938 1530 1020 φύσεως·
1562 939 1765 1021 ἀφυὲς
1811 940 1935 1021 γὰρ
1975 941 2081 1004 καὶ
2118 936 2331 1020 μικρὸν
2372 937 2572 1022 ὥσπερ
2614 943 2718 1007 καὶ

674 1059 944 1143 ἧοὲφύη.
995 1058 1286 1125 σίναπυ
1335 1058 1508 1124 δ’δ’τι
1554 1060 1852 1125 σίνεται
1902 1061 2044 1133 τοὺς
2093 1056 2269 1134 ὦπας
2318 1063 2377 1126 ἐν
2413 1074 2490 1147 τῇ
2531 1063 2724 1145 ὀδμῇ,

672 1182 750 1255 ὥς
811 1180 915 1245 καὶ
978 1181 1047 1245 τὸ
1115 1180 1424 1262 κρόμμυον
1489 1178 1579 1246 ὅτι
1644 1181 1764 1254 τοὶς
1828 1181 2009 1264 κόρας
2074 1181 2416 1261 μύομεν.
2511 1184 2725 1248 Finem

668 1310 870 1368 autem
910 1301 1058 1367 facit
1097 1302 1192 1367 his
1228 1302 1455 1368 verbis:
1506 1305 1685 1381 ἡμεῖς
1739 1304 1852 1382 μὲν
1895 1299 1992 1369 οὖν
2038 1328 2127 1369 σοι
2179 1309 2499 1381 τοσαῦτα,
2536 1304 2721 1368 καλὲ

672 1420 1063 1503 ἄνθρωπε,
1115 1421 1393 1504 ζητοῦντι
1437 1426 2118 1505 συνεισευπορήσαμεν,
2169 1425 2246 1489 σὺ
2279 1424 2339 1488 δὲ
2379 1426 2525 1502 ἡμῖν
2567 1425 2723 1487 απο-

671 1540 987 1621 κρίνασθαι
1038 1540 1265 1613 δίκαιος
1316 1537 1404 1607 εἷ.
1434 1592 1487 1607 ..
1548 1558 1779 1608 κ.τ.>..
1875 1543 1994 1609 Sed
2040 1567 2218 1610 nemo
2255 1567 2453 1628 neque
2498 1542 2727 1608 Graece

671 1684 868 1747 neque
918 1661 985 1726 in
1032 1661 1151 1726 alia
1195 1661 1405 1749 lingua
1450 1663 1619 1748 quod
1664 1663 1852 1728 sciam
1911 1662 1997 1727 sic
2054 1664 2319 1730 amioum
2365 1662 2723 1749 compellat:

669 1779 711 1846 ὦ
759 1783 917 1846 καλὲ
967 1780 1355 1864 ἄνθρωπε,
1401 1784 1564 1868 quod
1608 1783 1929 1848 ridiculum
1971 1793 2082 1848 est.
2132 1783 2300 1864 Quid
2334 1783 2562 1868 igitur?
2610 1782 2727 1847 Re-

666 1924 825 1988 pone
881 1901 1054 1967 sodes
1115 1898 1157 1965 ὦ
1207 1903 1365 1966 καλὲ
1417 1902 1767 1967 Οὐλπιανέ.
1861 1901 2042 1983 Quod
2116 1924 2236 1986 quo
2304 1902 2543 1967 fac-ilius
2609 1902 2727 1967 tibi

666 2022 1026 2108 persuadeas
1092 2021 1179 2088 sic
1246 2022 1491 2087 habeto:
1563 2021 1862 2086 excidisse
1931 2030 2039 2086 aut
2114 2021 2425 2086 evanuisse
2495 2021 2729 2105 aliquot

665 2139 896 2219 literas3
970 2190 985 2204 .
1012 2189 1026 2205 .
1055 2191 1069 2206 .
1098 2142 1245 2205 ,ανὲ
1315 2141 1480 2225 quod
1536 2148 1840 2227 supererat
1899 2164 1933 2206 a
1977 2140 2225 2206 librario
2271 2140 2551 2206 habitum
2597 2163 2727 2204 esse

839 2239 947 2250 ——-

666 2280 778 2344 pro
836 2282 945 2322 ανε
965 2307 982 2331 ,
1032 2255 1330 2339 ἄνθρωπε.

664 2401 820 2441 ανων
878 2397 1332 2461 nonnumquam
1395 2377 1527 2441 sine
1583 2377 1746 2442 linea
1811 2376 2174 2442 horizontali
2246 2384 2559 2442 exaratum
2622 2378 2719 2442 ha·

663 2495 928 2562 buerunt
970 2518 1080 2583 pro
1121 2495 1348 2577 ἀνδρῶν
1399 2496 1494 2561 vel
1541 2495 1779 2564 ἄλλων.
1853 2496 1987 2562 Nee
2025 2519 2145 2561 non
2187 2497 2526 2562 contrarius
2562 2519 2722 2562 error

667 2616 954 2684 occurrit.

754 2737 1012 2822 Elegans
1073 2741 1166 2801 est
1227 2736 1571 2801 emendatio
1631 2736 1711 2803 G.
1761 2736 2065 2801 Dindorfii
2127 2739 2191 2802 in
2239 2738 2458 2803 Aesch.
2520 2738 2723 2803 Prom.

666 2877 726 2922 v.
783 2858 902 2919 155
954 2854 1058 2920 ubi
1101 2855 1405 2920 restituit:

1121 3036 1196 3107 ὡς
1245 3036 1409 3113 μήτε
1459 3036 1601 3100 θεῶν
1648 3037 1811 3113 μήτε
1859 3061 1952 3109 τις
2004 3038 2305 3118 ἀνδρῶν

1126 3165 1254 3227 τοῖς
1304 3158 1356 3223 δ’
1395 3156 1680 3235 ἐγεγήθει
1717 3157 1789 3241 1).

766 3340 931 3405 Nam
981 3339 1143 3425 quod
1190 3338 1335 3403 olim
1382 3337 1672 3403 edebatur
1710 3339 1786 3409 ὡς
1817 3337 1980 3414 μήτε
2014 3333 2140 3408 θεὸς
2172 3339 2336 3414 μήτε
2367 3359 2462 3407 τις
2493 3335 2729 3409 ἄλλος

674 3453 885 3523 multis
932 3458 1006 3522 de
1053 3457 1250 3522 causis
1296 3463 1453 3521 stare
1497 3479 1621 3521 non
1668 3463 1893 3543 potest.

766 3576 1095 3641 Manifesto
1158 3576 1319 3656 vitio,
1372 3576 1572 3639 locum
1638 3598 1713 3639 ex
1766 3574 2045 3660 Xenoph.
2094 3573 2413 3659 Symposio
2463 3573 2563 3654 ΙΙ,
2616 3579 2737 3652 24,

676 3694 894 3759 liberat
940 3693 1238 3759 Cobetus:
1290 3702 1484 3759 Δοκεῖ
1527 3693 1739 3771 μέντοι
1792 3717 1895 3770 μοι
1951 3694 2053 3755 καὶ
2104 3692 2187 3755 τα
2251 3697 2367 3755 τῶν
2426 3692 2735 3773 ἀνδρῶν

679 3813 952 3892 σώματα
996 3814 1207 3879 ταῦτα
1262 3814 1578 3894 πάσχειν,
1646 3812 1806 3895 ἅπερ
1857 3814 1963 3879 καὶ
2022 3813 2106 3877 τὰ
2160 3818 2275 3876 τῶν
2328 3815 2386 3877 ἐν
2444 3822 2530 3894 γῇ
2584 3819 2738 3895 φυο-

679 3931 897 4010 μένων.
994 3933 1132 3998 Imo
1190 3939 1306 3999 τῶν
1356 3936 1734 4015 ἀνθρώπω
1762 3956 1821 4013 ν,
1888 3954 2027 3996 nam
2083 3953 2325 4017 prorsus
2370 3931 2529 3995 idem
2583 3932 2742 3996 valet

754 4162 796 4233 ¹)
850 4159 988 4217 Vide
1022 4178 1205 4234 supra,
1246 4161 1378 4233 Cap.
1413 4160 1523 4217 ΠΙ.
