3320 5169
1549 524 1630 585 95

645 736 915 801 Nomina
959 736 1305 824 principum
1349 737 1412 801 in
1458 758 1827 822 quocunque
1864 758 2080 822 genere
2120 735 2420 815 virorum,
2470 758 2611 822 poe-

554 861 788 936 tarum,
834 857 1370 943 philosophorum,
1417 856 1984 943 grammaticorum,
2033 854 2337 940 prioribus
2367 860 2611 919 tantum

554 974 749 1039 literis
791 975 1156 1042 indicantur.
1253 975 1406 1040 Inde
1448 977 1522 1040 fit
1567 981 1638 1041 ut
1683 997 1794 1061 pro
1842 975 1868 1038 ὅ
1919 974 2314 1051 Δημοσθένης
2350 974 2612 1039 subinde

554 1093 905 1179 scripserint
935 1094 961 1158 ὁ
1004 1094 1090 1168 δῆ
1108 1119 1203 1173 μο
1225 1120 1288 1175 ς,
1314 1117 1424 1181 pro
1452 1098 1729 1175 Ξενοφῶν
1771 1093 1987 1171 ξένος
2035 1116 2144 1180 pro
2178 1094 2204 1158 ὃ
2242 1098 2610 1173 Σοφοκλῆς,

554 1211 581 1274 ὅ
629 1237 713 1277 σο
733 1218 786 1294 φ
806 1212 837 1278 o'
853 1238 906 1284 ς.
963 1212 1282 1280 Contrario
1321 1236 1520 1279 errore
1554 1214 1660 1299 qui
1697 1213 1763 1278 in
1797 1213 2003 1298 aliqua
2041 1218 2168 1277 arte
2202 1212 2609 1298 principatum

551 1337 719 1397 tenet
744 1330 811 1418 (ἄ
824 1357 853 1413 ρ
869 1358 885 1398 ι
900 1352 938 1396 o·
951 1354 990 1397 τ
1002 1358 1027 1397 o
1045 1336 1099 1418 ς)
1126 1357 1165 1398 a
1182 1328 1438 1399 librariis
1462 1332 1794 1420 appellatur
1816 1330 2275 1414 Ἀριστοτέλης.
2317 1332 2408 1395 De
2425 1331 2611 1418 Apol-

549 1450 717 1516 lonio
769 1452 1037 1517 diximus
1085 1452 1301 1539 Capite
1348 1454 1426 1518 V.
1519 1453 1750 1517 Eodem
1807 1452 2165 1539 compendio
2210 1451 2375 1536 quod
2421 1451 2609 1537 signi-

549 1572 692 1636 ficat
753 1570 953 1653 ἤλιος,
1009 1571 1376 1651 Ἀπόλλων,
1439 1574 1893 1653 Ἀπολλώνιος,
1946 1578 2203 1637 utuntur
2247 1595 2357 1658 pro
2404 1570 2607 1636 Ἡλιό-

549 1690 722 1772 δωρος
747 1739 763 1767 ,
820 1692 1175 1764 Ἡλιόπολις
1246 1698 1361 1757 etc.
1464 1692 1786 1758 Caeterum
1842 1690 2082 1756 ridiculi
2140 1712 2368 1754 errores
2429 1713 2607 1756 omne

548 1832 741 1896 genus
788 1811 1011 1896 quibus
1056 1811 1205 1876 haec
1250 1810 1639 1876 abbreviandi
1686 1810 1935 1876 licentia
1981 1831 2188 1873 ansam
2229 1808 2430 1889 dedit,
2467 1830 2606 1873 cum

547 1929 902 2015 saepissime
971 1953 1134 1996 error
1191 1953 1449 1995 errorem
1521 1928 1722 1995 trahat
1790 1928 2200 2016 pristinaeque
2270 1920 2606 2015 scripturae

546 2070 661 2112 nec
720 2048 859 2129 vola
919 2071 1031 2114 nec
1095 2048 1426 2134 vestigium
1494 2048 1907 2133 relinquatur,
1970 2072 2046 2114 ex
2107 2050 2289 2113 certis
2352 2048 2604 2133 quibus-

545 2165 689 2230 dam
737 2167 968 2252 regulis
1022 2168 1541 2255 palaeographicis'
1581 2167 1859 2254 indagari
1905 2168 2261 2253 neutiquam
2309 2174 2600 2254 possunt:

545 2285 740 2349 multo
807 2286 1001 2372 magis
1070 2288 1428 2354 emendandi
1497 2295 1642 2361 sunt
1717 2310 1792 2352 ex
1859 2294 2136 2352 accurata
2205 2286 2598 2373 scriptorum,

543 2410 917 2490 temporum,
987 2428 1185 2470 rerum
1242 2428 1398 2491 quae
1458 2413 1827 2486 tractantur,
1890 2408 2133 2473 notitia.
2227 2407 2399 2488 Quae
2455 2408 2602 2472 artis

545 2522 791 2588 criticae
857 2546 978 2589 non
1050 2530 1289 2590 tantum
1359 2527 1452 2610 (ut
1519 2524 2005 2612 palaeographia)
2076 2526 2449 2592 tutissimum
2509 2532 2612 2592 est·

542 2642 909 2728 praesidium
965 2650 1026 2708 et
1071 2643 1488 2710 adiumentum
1535 2645 1640 2709 sed
1684 2645 2061 2731 principium
2095 2652 2160 2711 et
2201 2647 2366 2712 fon&

642 2761 1031 2848 Quicumque
1100 2763 1292 2850 igitur
1358 2764 1426 2828 in
1490 2770 1768 2829 veterum
1829 2763 2117 2830 librorum
2179 2765 2599 2831 emendatione

541 2901 682 2944 cum
739 2881 946 2947 fructu
1000 2883 1224 2947 versari
1282 2883 1441 2949 volet
1501 2883 1553 2947 is
1607 2889 1748 2948 ante
1806 2884 2011 2949 omnia
2063 2885 2171 2949 diu
2225 2891 2287 2949 et
2330 2885 2597 2951 multum

537 2999 703 3086 apud
768 2995 1039 3065 animum
1107 3025 1285 3067 suum
1354 3002 1676 3070 deliberet:
1736 2999 1910 3083 γΑροέ
1973 3028 2052 3081 γε
2115 3006 2486 3084 γιγνώσκεις
2549 3003 2593 3071 ἃ

535 3118 1033 3198 ἀναγιγνώσκεις
1049 3147 1068 3199 3
