3320 5169
1143 1444 1568 1544 CAPUT
1651 1444 2204 1545 SEXTUM.

736 2138 1247 2223 Quandoquidem
1292 2136 1627 2202 innumeris
1675 2136 1975 2201 erroribus
2028 2160 2231 2203 ansam
2280 2137 2516 2205 dedisse
2562 2162 2705 2205 oon-

648 2266 771 2325 stat
816 2266 1102 2346 perpetua
1139 2257 1654 2344 praepositionum
1702 2257 2099 2343 permutati0‚
2147 2258 2331 2323 huius
2375 2259 2463 2323 rei
2498 2281 2706 2325 causas

651 2377 856 2465 paullo
913 2376 1283 2442 enucleatius
1346 2376 1397 2440 si
1465 2381 1676 2462 potero
1740 2399 2053 2465 exponam.
2148 2377 2380 2443 Multas
2438 2379 2707 2465 egregias

650 2497 1134 2577 observationeS,
1185 2518 1339 2580 quae
1373 2495 1492 2562 huc
1532 2496 1766 2561 faciunt
1777 2546 1794 2576 ,
1845 2496 2013 2561 dedit
2049 2496 2295 2562 Bastius
2333 2498 2395 2562 in
2434 2499 2711 2586 Epistola

650 2618 863 2684 critica
923 2618 998 2683 ad
1053 2615 1524 2681 Boissonadium
1580 2623 1767 2701 atque
1826 2616 1891 2680 in
1949 2618 2113 2681 notis
2170 2618 2245 2682 ad
2313 2617 2708 2704 Gregorium3

651 2737 941 2804 nonnulla
985 2758 1159 2815 vem,
1209 2758 1362 2824 quae
1408 2736 1560 2799 seire
1607 2759 1968 2822 magnopere
2025 2737 2242 2817 refert,
2303 2761 2424 2803 non
2482 2738 2708 2825 attigit.

653 2857 805 2921 Post
850 2855 1132 2920 Bastium
1178 2877 1211 2918 e
1257 2853 1522 2940 professo
1570 2853 1643 2918 de
1688 2854 2237 2941 praepositionibus
2273 2857 2401 2943 egit
2440 2857 2714 2922 Walzius

656 2976 881 3063 (Epist.
929 2974 1006 3039 ad
1050 2973 1248 3039 Boiss.
1304 2976 1460 3037 18:31
1476 2976 1521 3059 )
1611 2973 1678 3037 Is
1692 3025 1711 3055 ‚
1774 2981 1843 3039 ut
1895 2975 2080 3040 libere
2126 2976 2324 3042 dicam
2372 2977 2538 3063 quod
2583 3000 2717 3043 sen-

656 3097 783 3176 tio,
849 3101 1027 3184 „post
1085 3092 1356 3173 μεγάλοι
1412 3094 1607 3159 Bastii
1668 3093 1938 3160 δεῖπνκ”
2008 3119 2130 3160 non
2190 3096 2359 3163 dedit
2416 3098 2719 3182 exquisita

660 3215 957 3301 quaedam
1019 3212 1290 3295 ,τεμάχη
1364 3213 1467 3279 sed
1542 3213 1908 3300 indigestam
1979 3215 2453 3302 discrepantium
2516 3217 2720 3282 lectio-

658 3359 805 3405 num
873 3334 1256 3421 farraginem.
1364 3334 1590 3397 Insunt
1667 3333 1963 3416 quaedam
2032 3335 2295 3421 optimae
2361 3343 2545 3401 notae
2618 3336 2721 3401 sed

663 3456 855 3520 maior
908 3477 1044 3540 pars
1104 3453 1333 3518 rectius
1390 3451 1642 3517 abesset.
1735 3454 2019 3540 Namque
2076 3454 2140 3518 in
2204 3453 2725 3522 observationibus

665 3571 1183 3660 palaeographieis
1243 3570 1626 3658 praecipuam
1669 3572 1791 3636 vim
1844 3572 2028 3637 habet
2088 3572 2238 3638 illud
2287 3574 2475 3651 μηδὲν
2524 3575 2720 3654 ἄγων.

665 3691 976 3756 Lubenter
1007 3690 1199 3776 igitur
1231 3690 1388 3755 hane
1433 3691 2075 3771 πουλυμαθημόσύνην
2110 3693 2332 3780 effugio
2377 3696 2525 3760 satis
2559 3696 2730 3760 habi·

668 3817 846 3876 turus
892 3809 944 3873 si
1006 3832 1074 3874 ea
1132 3808 1350 3874 dedero
1397 3833 1551 3896 quae
1597 3811 1901 3898 explorata
1946 3818 2091 3877 sunt
2136 3818 2198 3878 et
2242 3812 2568 3879 luculentis
2614 3820 2732 3881 tes-

671 3928 946 3993 timoniis
993 3928 1449 3996 confirmantur.

761 4048 1142 4134 Praepositio
1204 4050 1291 4113 ἄν
1311 4048 1354 4113 ἃ
1421 4049 1816 4115 confunditur
1874 4072 2011 4115 cum
2072 4075 2110 4114 σ·
2132 4051 2164 4115 ύ
2185 4075 2234 4116 v.
2329 4052 2735 4134 Quemadmo-

678 4166 824 4232 dum
848 4168 909 4231 ἐν
935 4173 997 4233 et
1019 4170 1117 4233 εὐ·
1144 4175 1206 4233 et
1241 4193 1347 4234 συ·
1375 4168 1535 4255 (σὺν)
1562 4191 1739 4255 saepe
1778 4176 1899 4234 tam
1941 4170 2122 4235 simili
2161 4172 2353 4237 forma
2390 4173 2740 4239 scribuntur
