3320 5169
1537 520 1622 583 93

635 734 738 798 Δὲ
806 732 988 799 scribi
1052 732 1201 797 solet
1285 746 1330 812 ς·
1428 732 1523 797 vel
1576 759 1594 812 3
1644 779 1660 798 .
1777 730 1932 797 Inde
2004 729 2400 796 confunditur
2465 752 2606 795 cum

541 861 687 920 nota
733 876 886 939 quae
934 853 1094 918 valet
1141 851 1315 917 ἐστὶ
1354 854 1504 938 (⁹³5)
1540 858 1602 918 et
1633 874 1774 917 cum
1806 851 2302 937 interrogationis
2333 851 2509 938 signo
2543 877 2604 930 ς.

632 973 707 1038 In
759 974 965 1056 prima
1027 971 1287 1059 epistola
1347 972 1715 1037 Aristaeneti
1773 979 1912 1036 ante
1976 971 2348 1036 Dorvillium
2396 970 2607 1036 edeba-

542 1099 680 1158 tur:
730 1091 1136 1170 Ἐνδεδυμένη
1193 1093 1309 1170 μὲν
1362 1089 1887 1173 εὐπροσωποτάτη
1941 1090 2041 1166 δὲ,
2093 1092 2328 1156 ἐκδῦσαι
2382 1091 2443 1155 δὲ
2493 1088 2604 1166 ὅλη

542 1210 860 1293 πρόσωπον
910 1211 1236 1292 Φαίνεται.
1321 1212 1510 1277 Recte
1556 1212 1693 1277 ille:
1744 1212 2269 1293 εὐπροσωποτάτη
2317 1211 2568 1276 ἐστίν.

629 1329 847 1397 Liban.
911 1331 1048 1396 Vol.
1099 1330 1214 1410 IV,
1283 1355 1343 1418 p.
1410 1334 1530 1396 811
1611 1330 1899 1397 Reiskius
1962 1332 2317 1397 festinanter
2377 1331 2605 1412 edidit,

545 1456 614 1516 ut
675 1452 862 1518 solet:
937 1450 1038 1516 διὰ
1111 1451 1351 1527 ταύτην
1399 1446 1536 1529 οὖν,
1603 1452 1803 1534 φησι,
1868 1453 2046 1531 νόμον
2097 1447 2164 1517 εὖ
2214 1449 2449 1533 ἔχοντα
2497 1450 2607 1516 λύ-

543 1595 731 1650 σομεν
801 1572 876 1636 δὲ
935 1571 1042 1636 κοιὶ
1110 1570 1299 1650 μάλα
1363 1571 1632 1644 δικαίως.
1714 1574 1916 1638 Acute
1962 1571 2241 1638 Bastius:
2289 1571 2605 1650 λύσομενς

543 1691 648 1756 κοιὶ
697 1692 886 1772 μάλα
932 1691 1203 1764 δικαίως.

633 1812 809 1877 Ἐστ)
841 1844 924 1869 =
958 1833 1029 1886 ’st'
1085 1814 1184 1879 Vel
1238 1833 1304 1880 x*
1343 1863 1360 1888 ,
1412 1813 1527 1878 εἶσὶ
1580 1845 1664 1871 --··
1716 1823 1821 1885 ἵζ’.

631 1941 724 1997 Τε
773 1964 855 1989 =
914 1952 1009 2002 ÷.
1132 1932 1548 1999 Confunditur
1622 1956 1762 1998 cum
1847 1933 1906 1997 τὶ
1992 1933 2156 2018 quod
2232 1933 2611 2019 significatur

541 2053 724 2118 litera
766 2077 805 2116 τ
854 2053 1263 2140 suprascripta
1309 2075 1445 2118 cum
1487 2052 1727 2118 duobus
1774 2053 2039 2140 punctis.
2107 2053 2381 2137 Utraque
2425 2053 2610 2118 lectio

543 2174 966 2239 circumfertur
1032 2174 1098 2238 in
1153 2173 1313 2239 Plat.
1377 2175 1745 2260 Euthydemo
1813 2197 1951 2260 pag.
2009 2175 2171 2252 290,
2219 2180 2305 2237 E:
2373 2174 2607 2254 σμικρῷ

540 2319 623 2358 τε
674 2292 1083 2375 ὑποδεεστέρα
1131 2299 1193 2357 et
1237 2294 1470 2374 σμικρῷ
1518 2316 1616 2359 τι.

631 2413 724 2478 De
768 2412 1126 2500 compendia
1173 2414 1331 2492 γὰρ
1382 2413 1735 2478 monuimus
1781 2413 1847 2478 in
1895 2437 1938 2477 οι
1954 2436 2006 2493 ρ.

634 2526 781 2616 οἶμαι
829 2539 891 2600 et
937 2531 1128 2614 ἄρα,
1199 2555 1354 2619 quae
1415 2533 1646 2619 ubique
1705 2534 1837 2599 solo
1895 2533 2123 2600 iudicio
2180 2533 2611 2620 distinguenda

545 2661 721 2735 sunt,
761 2656 1179 2742 depinguntur
1217 2656 1282 2719 in
1323 2655 1486 2720 hunc
1525 2654 1806 2720 modum:
1857 2669 1929 2728 e
1946 2704 1960 2721 .
2025 2655 2196 2720 Idem
2238 2661 2330 2720 est
2367 2656 2607 2742 signum

543 2773 1080 2860 tachygraphicum
1150 2774 1314 2858 quod
1377 2781 1684 2862 comparet
1752 2775 1819 2839 in
1878 2774 2324 2861 praepositione
2387 2800 2436 2839 π
2455 2799 2497 2839 οι
2515 2800 2544 2857 ρ
2563 2776 2606 2840 οὶ

547 2892 707 2978 (vide
752 2892 898 2979 Cap.
949 2892 1090 2978 VI).
1185 2895 1375 2981 Saepe
1420 2916 1545 2959 non
1591 2894 1965 2959 intellectum
2011 2893 2367 2980 negligitur.

630 3010 765 3089 ὁμο
789 3016 821 3075 ῦ
849 3042 933 3069 ==
968 3024 1050 3097 jv
1095 3013 1194 3078 vel
1234 3014 1458 3078 omissa
1487 3013 1709 3078 lineola
1740 3013 2019 3099 obliqua:
2068 3026 2130 3091 27]
2153 3066 2168 3082 .
2238 3019 2610 3102 Frequenter

544 3129 792 3197 excidit.

633 3244 753 3315 ὅτι
818 3273 992 3338 saepe
1049 3256 1360 3316 exaratum
1421 3254 1513 3315 est
1554 3219 1607 3316 ἶ.
1700 3250 2015 3331 Quoniam
2083 3275 2330 3339 prorsus
2396 3253 2604 3318 eodem

543 3370 721 3435 modo
767 3370 1052 3436 scribitur
1096 3370 1179 3436 τὸ
1199 3421 1218 3451 ,
1268 3369 1601 3435 sexcenties
1646 3370 1762 3435 hae
1798 3371 2131 3457 particulae
2167 3372 2428 3437 invicem
2473 3394 2604 3459 per·

541 3496 878 3558 mutantur.

630 3604 951 3692 Proprium
998 3603 1118 3669 sibi
1163 3602 1595 3689 compendium
1637 3608 1942 3690 praeterea
1986 3603 2171 3669 habet
2218 3598 2336 3670 ὅτι
2385 3626 2604 3691 nempe

552 3741 611 3794 κ
637 3772 655 3792 .
747 3724 920 3807 Quae
963 3730 1143 3805 nota,
1190 3723 1243 3790 si
1297 3723 1582 3790 hamulus
1626 3723 1829 3805 deest,
1891 3746 2015 3790 non
2060 3729 2264 3810 potest
2307 3723 2604 3811 distingui

542 3867 578 3908 a
624 3843 983 3931 compendio
1032 3842 1235 3908 ἐστι’.

630 3962 1047 4029 Peculiaribus
1094 3962 1463 4049 quibusdam
1507 3962 2065 4029 abbreviationibus
2113 3969 2372 4029 utuntur
2403 3986 2599 4052 gram-

541 4081 751 4147 matici
819 4089 880 4148 et
947 4082 1337 4163 scholiastae,
1397 4105 1548 4169 quae
1607 4082 2092 4168 frequentissime
2150 4089 2480 4150 occurrunt
2532 4083 2598 4148 in

539 4202 705 4267 notis
750 4202 1200 4289 marginalibus.
1292 4201 1631 4268 Notissima
1675 4203 1799 4268 fere
1843 4209 1988 4268 sunt
2031 4203 2284 4269 haecce:
