3320 5169
1585 555 1667 618 31

692 764 936 830 Deinde
980 765 1147 831 iurat
1188 789 1295 853 per
1339 767 1550 832 lovem
1599 786 1905 832 summum
1953 767 2198 832 deorum
2236 786 2462 853 perque
2498 787 2662 832 men-

497 872 505 878 ’
602 905 729 947 sam
774 883 1144 971 hospitalem
1191 906 1312 970 qua
1359 891 1638 973 receptus
1689 892 1808 951 est:

693 1049 729 1128 ἦ
775 1055 891 1135 μέν
938 1081 1028 1122 τοι
1078 1057 1229 1122 τάδε
1280 1055 1497 1121 πάντα
1543 1054 1861 1122 τελείεται
1910 1058 1986 1128 ὡς
2035 1054 2333 1136 ἀγορεύω.

692 1177 881 1263 (τοῦδ’
912 1179 1104 1242 αὐτοῦ
1154 1176 1560 1256 λυκάβαντος
1614 1175 1943 1241 ἐλεύσεται
1994 1175 2191 1240 ἔνθαδ’
2227 1173 2569 1244 Ὀδυσσεὺς

685 1302 792 1362 τοῦ
845 1297 958 1376 μὲν
1008 1297 1322 1378 φθίνοντος
1373 1297 1562 1375 μηνὸς
1612 1300 1720 1362 τοῦ
1772 1298 1823 1363 δ’
1855 1295 2236 1380 ἱσταμένοιο)

690 1417 897 1483 οἴκαδε
948 1417 1227 1492 νοστήσει
1279 1415 1383 1482 καὶ
1434 1415 1681 1482 τίσεται
1732 1412 1901 1488 ὅστις
1953 1413 2180 1480 ἐκείνου

689 1536 886 1603 ἔνθαδ’
922 1536 1220 1622 ἀτιμάζει
1272 1536 1507 1619 ἄλοχον
1555 1539 1663 1603 καὶ
1712 1537 2015 1619 Φαίδιμον
2066 1536 2211 1601 υἱόν.

688 1719 859 1784 Duos
921 1738 1130 1785 versus
1192 1740 1346 1804 quos
1407 1718 1652 1784 uncinis
1723 1717 1939 1785 inclusi
1999 1717 2239 1804 spurios
2299 1739 2427 1783 esse
2482 1717 2662 1782 facile

599 1840 886 1905 concedet
933 1841 1041 1924 qui
1088 1846 1292 1905 totum
1338 1838 1559 1904 librum
1605 1838 1931 1924 diligenter
1970 1836 2307 1924 perlegerit.
2400 1835 2477 1900 In
2523 1858 2660 1900 ean-

598 1957 734 2022 dem
797 1963 1003 2023 autem
1059 1958 1465 2044 suspicionem
1531 1958 1749 2022 incidit
1811 1956 2173 2022 Scholiastes
2247 1955 2347 2040 (ad
2396 1977 2454 2020 v.
2507 1957 2658 2040 162)

597 2087 1016 2163 praeterquam
1063 2077 1231 2162 quod
1275 2078 1480 2142 minus
1526 2083 1687 2142 recte
1733 2099 1829 2142 me
1889 2075 2089 2141 iudice
2143 2082 2263 2140 tres
2306 2097 2515 2140 versus
2560 2097 2658 2139 ex-

597 2196 954 2282 pungendos
1015 2218 1144 2261 esse
1202 2203 1434 2261 censet:
1508 2196 1962 2260 ὑποπτεύονται
2011 2197 2060 2260 οἱ
2110 2203 2272 2275 τρεῖς
2319 2195 2397 2266 ὥς
2447 2193 2657 2274 ἀσύμ-

597 2322 782 2396 φωνοι
839 2317 985 2396 πρὸς
1034 2316 1122 2380 τοὶ
1172 2317 1284 2396 πρὸ
1335 2317 1538 2380 αὐτῶν
1587 2316 1692 2381 καὶ
1748 2318 1823 2389 ὥς
1874 2313 2134 2381 ὕποπτοι
2200 2313 2306 2380 καὶ
2378 2312 2656 2382 ἄπιστοι.

596 2433 799 2499 Etiam
846 2457 1092 2499 causam
1140 2434 1343 2500 addit:
1398 2434 1580 2500 πόθεν
1630 2436 1757 2516 γαρ
1811 2438 1934 2519 ᾔδει
1986 2437 2035 2500 εἰ
2086 2435 2191 2499 καὶ
2247 2435 2315 2498 ἐκ
2363 2434 2655 2508 Δωδώνης

599 2553 1001 2637 ὑποστρέφων
1059 2555 1125 2619 οὐ
1188 2555 1473 2635 nmium
1546 2560 1631 2622 At
1676 2555 1978 2621 neminem
2033 2553 2195 2639 fugit
2239 2554 2388 2620 haec
2442 2554 2659 2620 ultima

597 2673 778 2739 verba
849 2683 919 2739 ut
985 2696 1149 2739 nunc
1218 2698 1346 2740 sese
1416 2675 1640 2741 habent
1701 2676 1921 2741 vitiata
1989 2698 2137 2741 esse.
2231 2674 2398 2756 Quid
2467 2674 2658 2761 igitur

592 2793 957 2879 legendum?
1051 2791 1118 2857 Si
1164 2816 1261 2858 me
1305 2794 1480 2859 audis
1527 2797 1577 2861 εἰ
1630 2796 1736 2859 καὶ
1782 2797 1851 2861 ἐκ
1901 2796 2195 2870 Δωδώνης
2250 2794 2654 2876 ὑποστρέφων

594 2915 1083 2988 εὐπλοήσει,
1136 2915 1178 2980 i.
1219 2935 1275 2980 e.
1327 2915 1532 2994 nunde
1576 2917 1738 2980 enim
1784 2916 1935 2980 scire
1973 2921 2210 3001 poterat
2254 2937 2332 2979 an
2375 2915 2656 2980 redeunti

589 3055 872 3119 prospera
934 3032 1054 3098 sibi
1107 3033 1315 3099 futura
1371 3040 1530 3097 esset
1589 3023 1941 3120 navigatio”
1955 3035 1983 3098 Ρ
2076 3035 2277 3115 Quam
2337 3056 2543 3099 sanam
2594 3043 2656 3101 et

591 3151 918 3238 genuinam
965 3174 1093 3217 esse
1139 3151 1465 3216 lectionem
1514 3152 1649 3217 luce
1704 3153 1922 3217 clarius
1968 3158 2214 3239 apparet
2259 3175 2334 3217 ex
2377 3151 2654 3219 versibus

592 3274 949 3336 321-——834
996 3293 1151 3356 quos
1196 3271 1458 3358 respexit
1504 3272 1952 3359 grammaticus,

676 3389 752 3455 In
823 3390 1073 3477 optimis
1141 3390 1310 3456 libris
1377 3390 1559 3456 MSS.
1630 3391 1842 3456 futiles
1910 3389 2256 3455 istiusmodi
2321 3389 2650 3477 scripturae

589 3509 807 3594 quavis
851 3510 975 3575 fere
1004 3509 1243 3597 'pagina
1289 3516 1650 3592 occurrunt3
1700 3510 1924 3577 sufficit
1963 3509 2291 3596 quemlibet
2331 3510 2648 3597 antiquum

584 3630 857 3695 ‚codicem
904 3630 1200 3717 inspicere
1238 3636 1300 3695 et
1334 3630 1561 3717 passim
1596 3630 1836 3697 videbis
1876 3628 2031 3706 ἥδιον
2080 3636 2142 3696 et
2185 3628 2372 3708 ἴδιον,
2416 3628 2645 3707 οἴκησις

584 3756 646 3814 et
711 3750 963 3823 οἴκισις,
1034 3753 1180 3830 ἡμῖν
1233 3757 1295 3816 et
1343 3745 1378 3823 ἦ
1426 3750 1585 3830 μὴν,
1667 3749 1758 3836 (in
1817 3750 2212 3819 iurisiurandi
2271 3751 2560 3836 formula)
2597 3752 2646 3835 1)

653 4042 694 4111 ¹)
749 4040 963 4096 Eximie
1012 4039 1060 4095 si
1107 4037 1236 4112 quid
1274 4037 1432 4095 video
1478 4056 1645 4111 nuper
1694 4037 1999 4093 Badhamus
2045 4037 2103 4092 in
2148 4036 2314 4094 Thac.
2362 4034 2486 4095 Lib.
2521 4036 2644 4103 ΙΙΙ,

579 4133 709 4206 Cap.
763 4134 830 4189 66
903 4132 1009 4188 fine
1062 4150 1157 4205 pro
1229 4131 1326 4186 καὶ
1383 4133 1484 4193 την
1542 4131 1662 4199 περὶ
1716 4126 1903 4185 αὐτῶν
1959 4128 2119 4197 ἡμῖν
2178 4132 2260 4196 μὴ
2322 4129 2643 4183 κτείνειν

579 4227 910 4295 ψευσθεῖσαν
951 4224 1201 4283 ὑπόθεσιν
1245 4225 1487 4282 restituit
1533 4220 1559 4287 ’ἦ
1599 4227 1729 4293 μὴν
1770 4229 1845 4293 μὴ
1890 4226 2121 4280 κτενεῖν.
