3320 5169
1061 1378 1480 1478 CAPUT
1563 1379 2203 1480 QUARTUM.

692 2142 786 2207 De
842 2143 1185 2207 charactere
1243 2142 1434 2228 ligato
1488 2142 1765 2209 dicturus
1821 2140 1986 2230 quod
2043 2144 2165 2212 iam
2223 2169 2401 2233 supra
2444 2150 2659 2215 monui

599 2262 762 2327 idem
808 2262 911 2326 hic
955 2262 1463 2348 praemittendum
1520 2262 1677 2328 duco
1738 2286 1964 2328 errores
2010 2270 2073 2328 et
2117 2272 2364 2351 peccata
2408 2274 2540 2332 orta
2585 2291 2659 2334 ex

601 2382 900 2469 scriptura
946 2381 1176 2447 unciali
1224 2382 1428 2448 omnia
1473 2406 1536 2448 se
1586 2383 1925 2450 insinuasse
1958 2385 2022 2450 in
2062 2386 2501 2469 minusculam3
2550 2389 2659 2454 ubi

598 2502 814 2566 deinde
860 2502 934 2567 ab
980 2502 1440 2589 imperitissimo
1488 2526 1731 2590 quoque
1779 2505 1962 2569 variis
2023 2505 2218 2569 modis
2264 2506 2555 2593 explicata
2601 2515 2662 2573 et

596 2631 861 2689 correcta
920 2623 1154 2689 scilicet
1208 2646 1319 2710 pro
1373 2623 1610 2688 levibus
1657 2624 2012 2689 vulneribus
2056 2625 2252 2691 morbi
2298 2628 2662 2693 exstiterunt

597 2742 852 2808 vixdum
898 2742 1210 2807 sanabiles·
1300 2742 1453 2808 Late
1499 2748 1770 2828 grassata
1816 2751 1911 2808 est
1954 2743 2162 2808 infelix
2212 2744 2331 2810 ista
2381 2748 2659 2812 mutandi

594 2862 901 2926 temeritas
963 2885 1116 2947 quae
1176 2862 1251 2927 de
1313 2862 1693 2948 singulorum
1751 2862 2184 2928 vocabulorum
2229 2870 2290 2929 et
2336 2866 2660 2931 sententia-

592 3004 729 3046 rum
791 2982 1056 3068 pondere
1117 3004 1328 3068 parum
1399 2981 1663 3046 sollicita
1734 2981 1938 3045 omnia
2005 2984 2205 3069 paullo
2272 2984 2660 3071 impeditiora

592 3102 784 3188 impia
844 3123 1026 3166 manu
1086 3100 1421 3179 resecabat,
1480 3099 1726 3163 lacunas
1789 3101 1915 3164 suis
1965 3100 2215 3187 ineptiis
2259 3102 2405 3166 mm
2454 3105 2654 3176 δεινῶς

590 3220 928 3307 supplebat.
1022 3219 1140 3284 Sed
1209 3219 1356 3284 haec
1426 3218 1604 3298 aliam,
1675 3241 1839 3283 nunc
1907 3218 1981 3283 de
2047 3220 2361 3285 literarum
2425 3223 2656 3307 figuris,

589 3340 862 3407 Plurima
908 3346 1112 3405 autem
1159 3340 1310 3404 vitia
1357 3340 1423 3404 in
1470 3340 1773 3425 scriptura
1819 3338 2158 3408 minuscula
2205 3348 2538 3406 nascuntur
2583 3366 2658 3408 ex

591 3460 966 3547 compendiis
1025 3465 1088 3524 et
1146 3457 1317 3544 siglis
1379 3457 1505 3522 sive
1566 3457 1862 3544 neglectis
1926 3457 2052 3523 sive
2111 3481 2424 3544 perperam
2477 3460 2656 3528 intel-

588 3579 765 3644 lectis
781 3607 800 3660 3
848 3579 995 3643 haec
1042 3600 1154 3642 suo
1200 3577 1334 3643 loco
1392 3577 1600 3641 ordine
1652 3576 1952 3666 tractabo,
2044 3579 2130 3642 At
2184 3588 2491 3665 praeterea
2540 3581 2655 3647 alia

588 3699 886 3765 nonnulla
954 3697 1483 3763 animadvertenda
1560 3703 1705 3763 sunt
1781 3696 2000 3781 quibus
2075 3719 2283 3762 ansam
2360 3698 2654 3764 dederunt

586 3818 899 3883 literarum
960 3818 1179 3881 ductus
1239 3822 1302 3880 et
1363 3838 1572 3881 nexus,
1667 3814 2054 3901 Quamquam
2109 3816 2405 3881 lectorum
2450 3818 2652 3903 potius

590 3960 772 4023 quam
834 3936 1111 4002 codicum
1173 3936 1321 4000 haec
1381 3942 1525 4000 sunt
1586 3941 1803 4000 errata.
1896 3935 2267 4021 Quicunque
2315 3942 2502 4001 artem
2548 3960 2650 4023 pa·

586 4055 1065 4142 laeographicam
1113 4054 1328 4119 doctus
1370 4055 1445 4120 ab
1493 4055 1711 4120 idoneo
1757 4062 2141 4141 praeceptore
2186 4055 2418 4139 aliquot
2462 4056 2650 4122 libros

589 4198 726 4240 cum
790 4197 933 4239 cura
992 4175 1322 4239 excusserit
1385 4175 1599 4238 horum
1665 4174 1882 4239 bonam
1931 4180 2157 4258 partem
2206 4196 2328 4238 non
2378 4175 2645 4258 videbit3
