3320 5169
1702 556 1783 618 50

692 780 932 831 ‘sanare
968 764 1390 831 difficillimum
1437 768 1593 832 foret
1638 768 1757 832 nisi
1810 766 2142 852 Dionysius
2188 765 2386 830 locum
2436 764 2611 830 nobis
2656 787 2777 830 ser-

719 892 938 950 vasset.
999 885 1214 950 Exstat
1248 886 1411 972 apud
1443 887 1831 971 Dionysium:
1881 889 1945 950 οὑ
1977 888 2060 965 τῷ
2106 885 2268 967 θείῳ
2315 885 2439 948 καὶ
2484 884 2774 961 νομίμῳ

719 1003 880 1069 unde
910 1004 1380 1070 Valckenaerius
1425 1012 1626 1070 noster
1664 1006 1729 1070 in
1776 1006 2027 1070 Schedis
2072 1006 2299 1070 criticis
2345 1004 2503 1070 eruit
2549 1029 2575 1067 0
2596 1007 2628 1068 ὖ
2677 1005 2774 1083 τῷ

721 1123 904 1207 ὁσίῳ
967 1125 1101 1190 καὶ
1167 1125 1471 1205 νομίμῳ
1536 1134 1721 1210 atque
1790 1126 2001 1190 eadem
2056 1148 2234 1211 opera
2292 1124 2548 1189 salutem
2607 1123 2780 1188 affert

715 1243 1058 1330 Thucydidi
1092 1248 1166 1330 1).
1220 1243 1453 1310 Iterum
1485 1245 1643 1310 idem
1680 1245 1744 1309 in
1780 1251 2038 1309 mentem
2082 1245 2315 1309 venisse
2347 1244 2626 1308 videmus
2658 1242 2780 1306 Do-

716 1361 896 1428 braeo
945 1364 1252 1449 (Adversa
1299 1364 1335 1428 I
1349 1415 1367 1443 ,
1416 1388 1475 1450 p.
1527 1367 1659 1448 58).
1752 1364 1976 1429 Fidelis
2027 1364 2221 1450 igitur
2265 1364 2378 1428 hac
2420 1363 2487 1426 in
2519 1384 2583 1427 re
2618 1384 2779 1426 sum-

721 1504 957 1547 morum
1002 1483 1387 1570 ingeniorum
1433 1489 1523 1547 est
1568 1483 1917 1564 concordia,
1969 1482 2271 1569 optimum
2319 1481 2445 1547 veri
2491 1481 2779 1567 sigillum.

792 1761 833 1830 1)
890 1760 1063 1831 Quam
1104 1760 1240 1816 utile
1282 1761 1355 1815 sit
1402 1759 1459 1814 in
1500 1757 1810 1832 Thucydide
1850 1757 2072 1830 legendo
2106 1757 2403 1828 fragmenta
2440 1758 2494 1811 et
2534 1755 2783 1812 flosculos

720 1863 853 1917 quos
901 1846 1046 1901 haud
1100 1865 1259 1920 parca
1308 1866 1470 1902 manu
1511 1847 1723 1921 scriptis
1772 1845 1882 1901 suis
1934 1844 2161 1899 inseruit
2208 1842 2501 1914 Dionysius
2542 1841 2784 1898 Halicar-

719 1933 986 1989 nassensis
1023 1953 1143 1990 cum
1181 1933 1484 2006 pulvisculo
1521 1937 1768 1989 excutere
1803 1950 1959 2005 saepe
2002 1928 2413 1986 evidentissimis
2462 1927 2783 1985 demonstra-

718 2023 837 2075 tum
874 2023 958 2076 est
1006 2020 1278 2093 exemplis,
1353 2021 1488 2076 Utar
1531 2021 1800 2092 praesenti
1835 2018 2108 2074 occasione
2152 2020 2217 2071 ut
2258 2017 2316 2071 in
2359 2015 2541 2071 eodem
2578 2016 2783 2088 Thucy-

723 2103 861 2161 didis
903 2106 1079 2178 capite
1120 2109 1188 2161 82
1225 2124 1368 2160 meas
1405 2124 1613 2178 quoque
1663 2105 2075 2178 qualescumque
2116 2104 2256 2159 vires
2299 2104 2552 2177 experiar.
2606 2103 2785 2159 ‘Verba

725 2215 861 2269 quae
901 2198 1152 2253 correctis
1195 2197 1449 2253 continuo
1492 2197 1821 2270 praecedunt
1854 2198 1983 2253 haec
2022 2200 2172 2252 sunt:
2224 2193 2282 2251 οὗ
2331 2199 2435 2267 γαρ
2473 2199 2627 2265 μετα
2675 2196 2786 2251 τῶν

727 2290 984 2358 κειμένων
1051 2289 1219 2359 νόμων
1282 2288 1564 2361 ὠφελείαις
1630 2292 1693 2346 αἱ
1757 2292 2023 2347 τοιαῦται
2087 2287 2328 2362 Ξύνοδοι,
2407 2289 2573 2347 ἄλλα
2636 2295 2787 2362 παρὰ

726 2387 859 2451 τοὺς
900 2385 1265 2451 καθεστῶτας
1309 2382 1627 2459 πλεονεξίᾳ.
1684 2388 1833 2443 Luce
1869 2388 2065 2444 clarius
2102 2392 2184 2442 est
2220 2387 2350 2459 quid
2384 2388 2578 2445 nobilis
2611 2408 2786 2445 rerum

724 2475 950 2548 scriptor
975 2475 1233 2544 voluerit,
1271 2475 1402 2531 licet
1431 2495 1608 2533 veram
1646 2495 1798 2531 suam
1834 2478 2155 2532 sententiam
2193 2476 2353 2532 simul
2390 2480 2445 2532 et
2479 2478 2788 2550 gravissime

726 2564 782 2617 et
815 2561 1125 2619 brevissime
1162 2563 1492 2636 expresserit.
1551 2564 1792 2634 Quacum
1831 2567 1954 2637 apte
1990 2563 2215 2620 conferri
2250 2565 2469 2636 possent
2498 2583 2552 2621 v.
2571 2583 2618 2621 c.
2654 2581 2790 2637 quae

729 2647 796 2703 de
831 2648 1067 2704 Aristide
1099 2648 1325 2721 legimus
1361 2649 1506 2722 apud
1539 2649 1891 2706 Plutarchum
1931 2651 2087 2722 (Reg.
2114 2653 2170 2706 et
2192 2651 2446 2724 Imperat.
2470 2652 2790 2724 Apophth.):

735 2738 1079 2811 Ἀριστείδης
1131 2740 1192 2797 δὲ
1229 2741 1252 2796 ὃ
1306 2740 1515 2807 δίκαιος
1573 2740 1660 2797 ἀεὶ
1720 2741 1842 2798 καθ’
1883 2743 2054 2799 αὐτον
2111 2740 2480 2799 ἐπολιτεύετο
2535 2746 2630 2799 καὶ
2686 2747 2792 2811 τας

737 2838 1015 2909 ἑταιρείας
1075 2836 1346 2911 ἔφευγεν,
1417 2838 1501 2903 ὡς
1567 2843 1690 2904 τῆς
1753 2838 1886 2895 Ean-b
1949 2840 2081 2894 τῶν
2145 2837 2366 2910 Φίλων
2431 2838 2793 2910 δυνάμεως

741 2932 1028 2990 ἀδικεῖν
1081 2933 1533 3004 ἐπαιρούσης.
1620 2937 1698 2991 At
1744 2936 1791 2991 si
1839 2936 1959 3007 quis
2012 2934 2290 3008 vulgatam
2340 2937 2623 2995 lectionem
2678 2937 2796 2993 dili-

737 3026 922 3096 genter
956 3025 1272 3098 perpendere
1300 3024 1473 3091 volet,
1511 3023 1807 3095 intelliget,
1839 3026 1922 3078 sat
1959 3023 2093 3091 sci0,
2130 3023 2272 3095 quod
2305 3026 2546 3096 equidem
2581 3026 2799 3082 firmiter

737 3111 869 3166 mihi
893 3129 1202 3184 persuasum
1227 3110 1422 3178 habe0,
1459 3128 1630 3181 neque
1665 3108 2030 3182 Thucydidem
2071 3128 2242 3181 neque
2279 3130 2596 3183 quemquam
2635 3112 2800 3168 alium

740 3197 855 3253 sive
890 3201 1152 3255 oratorem
1186 3198 1300 3254 sive
1335 3197 1647 3253 historicum
1684 3197 1762 3252 ita
1798 3196 2025 3252 scribere
2054 3197 2310 3268 potuisse.
2382 3199 2623 3255 Primum
2660 3200 2801 3256 enim

745 3291 1012 3364 oppositio
1042 3291 1182 3347 inter
1215 3287 1430 3361 ὠφελεῖ
1440 3310 1515 3355 ας
1545 3290 1604 3345 in
1628 3289 1876 3344 Genitivo
1908 3292 1963 3344 et
1991 3284 2291 3362 πλεονεξίᾳ
2319 3291 2378 3345 in
2400 3291 2600 3348 Dativo
2630 3310 2803 3364 neque

744 3385 949 3441 usitata
1010 3389 1092 3441 est
1144 3404 1316 3457 neque
1360 3387 1531 3451 iusta3
1568 3387 1688 3439 tum
1730 3386 1994 3439 subiectum
2038 3380 2285 3455 ξύνοδοι,
2329 3385 2387 3439 ni
2427 3385 2610 3453 fallor,
2648 3404 2804 3459 aegre

740 3475 886 3529 caret
921 3492 1019 3530 suo
1045 3476 1361 3545 praedicato.
1442 3473 1584 3545 Quid
1620 3472 1824 3527 multa?
1859 3472 2149 3529 remedium
2181 3474 2436 3546 reperisse
2471 3474 2602 3530 mihi
2622 3475 2804 3531 videor

745 3584 856 3622 non
877 3566 1037 3621 nimis
1072 3565 1385 3622 violentum.
1435 3564 1742 3631 Suffecerit,
1781 3564 1829 3619 si
1863 3583 1948 3620 me
1996 3565 2174 3634 audiS,
2220 3566 2474 3622 ultimum
2517 3566 2661 3624 ῗῶτα
2695 3571 2807 3625 sub-

744 3660 982 3727 scriptum
1023 3659 1258 3711 mutasse
1299 3656 1359 3710 in
1391 3657 1699 3727 adscriptum
1740 3673 1845 3725 quo
1882 3655 2023 3712 facto
2073 3655 2346 3728 scriptoris
2390 3675 2579 3713 manus
2614 3660 2808 3713 extem-

748 3746 840 3820 plo
889 3746 1139 3820 pellucet.
1211 3746 1493 3802 Neminem
1543 3746 1684 3801 enim
1735 3746 1894 3802 facile
1947 3747 2139 3803 latebit
2190 3746 2443 3820 ὠφελίας
2486 3747 2807 3827 (ὠφελείας)

746 3843 856 3899 levi
900 3861 1072 3900 errore
1115 3845 1391 3898 exaratum
1427 3861 1540 3898 esse
1583 3861 1679 3916 pro
1714 3839 1956 3913 ὠφελίαι
1994 3840 2308 3920 (ὠφέλειαι)
2344 3846 2424 3901 ita
2458 3848 2522 3900 ut
2564 3845 2714 3903 locus
2749 3846 2808 3902 in

746 3939 890 3995 hunc
931 3937 1148 3995 modum
1189 3937 1593 3994 constituendus
1630 3939 1729 3994 sit:
1769 3936 1827 3995 οὐ
1870 3941 1976 4010 γαρ
2018 3945 2168 4010 μετα
2205 3944 2312 3999 τῶν
2348 3944 2605 4014 κειμένων
2641 3944 2808 4015 νόμων

753 4032 1106 4106 ὠφέλειαι
1163 4033 1226 4089 αἱ
1265 4035 1535 4091 τοιαῦται
1579 4031 1792 4106 Ξύνοδοι
1843 4032 2009 4091 ἄλλα
2058 4041 2207 4108 παρα
2253 4043 2385 4105 τοῦς
2438 4040 2807 4107 καθεστῶτας

750 4148 793 4188 π
807 4139 847 4187 λ
864 4152 890 4187 ε
906 4153 929 4189 ο
948 4152 973 4188 ν
988 4128 1064 4203 εξ
1086 4133 1107 4186 ί
1116 4152 1154 4187 α
1169 4153 1204 4187 ι.
2428 4190 2432 4193 .

820 4223 1176 4279 confirmatur
1198 4223 1328 4279 haec
1352 4220 1653 4278 emendatio
1684 4220 1880 4279 diserto
1903 4223 2213 4283 testimonio
2238 4226 2487 4300 Dionysii
2515 4229 2609 4302 qui
2633 4230 2810 4287 locum
