3320 5169
1716 564 1752 620 2

795 774 1119 837 Latissime
1164 774 1310 837 haec
1354 773 1560 859 opinio
1622 771 1890 836 obtinuit
1946 770 2172 856 quippe
2228 793 2383 854 quae
2428 792 2554 833 non
2598 768 2757 853 apud

705 913 808 954 eos
876 896 1115 955 tantum
1165 892 1385 971 valeat,
1459 891 1564 974 qui
1634 891 1952 955 humiliore
2008 890 2169 953 vitae
2237 888 2583 952 conditione
2651 894 2759 951 aut

707 1003 889 1066 etiam
943 1002 1279 1067 infeliciore
1334 1003 1581 1088 ingenio
1638 1025 1830 1086 usque
1877 1002 2023 1066 adeo
2076 1002 2201 1065 sint
2246 999 2505 1077 ἄμουσοι
2556 1005 2626 1063 ut
2669 1007 2758 1062 to-

709 1126 841 1184 tum
901 1121 1065 1186 hunc
1124 1121 1431 1185 literarum
1492 1122 1913 1185 humaniorum
1968 1120 2198 1185 cultum
2246 1125 2559 1203 tamquam
2606 1117 2760 1181 desi-

707 1240 905 1304 diosas
972 1264 1167 1326 nugas
1236 1241 1643 1326 vilipendant,
1718 1240 2059 1326 (profanum
2129 1238 2352 1323 vulgus
2414 1237 2575 1322 quod
2628 1259 2761 1300 raro

710 1381 914 1424 verum
966 1360 1129 1424 videt
1189 1366 1251 1424 et
1309 1359 1410 1425 hic
1472 1361 1685 1425 saltem
1732 1360 2014 1446 religiose
2074 1358 2398 1423 arcendum
2462 1357 2575 1441 est)
2638 1355 2761 1420 imo

713 1501 856 1543 vero
920 1480 1335 1544 assentiuntur
1394 1479 1511 1543 viri
1572 1479 1719 1543 clari
1776 1484 1838 1543 et
1896 1478 2188 1542 honorati*
2236 1477 2402 1562 iique
2458 1474 2573 1539 hac
2633 1474 2764 1561 ipsa

710 1598 1109 1663 humanitatis
1168 1599 1346 1666 laude
1401 1599 1691 1684 insignes
1782 1597 2048 1684 Rogavit
2104 1619 2199 1660 me
2249 1617 2442 1681 nuper
2487 1616 2646 1658 unus
2692 1615 2766 1657 ex

709 1716 948 1782 civibus
995 1719 1181 1797 111015,
1229 1718 1324 1783 vir
1370 1717 1627 1783 eximius
1675 1739 1854 1803 quem
1916 1716 2119 1802 magni
2178 1715 2334 1780 facio
2350 1765 2369 1794 ,
2429 1736 2579 1777 num
2632 1711 2766 1797 phi-

708 1836 890 1921 lologi
958 1843 1310 1922 putaremus
1369 1836 1593 1931 subtile
1655 1836 1821 1901 istud
1883 1835 2239 1921 disputandi
2305 1855 2530 1919 genus,
2602 1831 2767 1916 quod

714 1961 912 2019 totum
982 1962 1247 2020 versetur
1315 1956 1375 2018 in
1447 1956 1817 2041 argumentis
1894 1952 2353 2032 minutissimiS,
2437 1951 2768 2037 quidquam

716 2075 960 2138 omnino
1008 2075 1215 2139 afferre
1260 2097 1432 2160 posse
1479 2075 1555 2138 ad
1604 2097 1983 2144 communem
2032 2072 2380 2137 utilitatem.
2473 2070 2657 2152 Quod
2704 2076 2773 2133 ut

715 2193 822 2257 1111,
854 2194 1170 2279 probarem
1218 2215 1341 2258 non
1389 2194 1591 2257 multis
1640 2192 1835 2257 verbis
1884 2215 2037 2278 opus
2090 2197 2247 2255 erat:
2294 2188 2562 2254 liberalis
2609 2187 2772 2253 enim

719 2318 810 2377 est
870 2318 932 2377 et
988 2314 1291 2398 ingenuus
1354 2320 1414 2376 et
1474 2334 1654 2396 quem
1720 2312 1898 2376 facile
1959 2333 2186 2376 errores
2252 2332 2393 2375 51105
2462 2308 2771 2373 dedoceas,

719 2433 946 2495 Verum
1019 2432 1500 2517 quotusquisque
1567 2431 1711 2494 huic
1777 2437 1871 2495 est
1938 2429 2196 2494 similis?
2294 2430 2565 2510 Tempora
2631 2448 2776 2490 sane

721 2559 1052 2632 mutantur,
1102 2561 1174 2615 ut
1221 2551 1428 2630 aiunt,
1497 2550 1600 2614 sed
1663 2572 1784 2614 non
1846 2555 2159 2615 mutantur
2219 2549 2282 2613 in
2338 2548 2453 2613 illis
2526 2569 2779 2628 „coccae

723 2673 1072 2736 mortalium
1151 2668 1423 2735 mentes”
1497 2689 1723 2754 pronae
1797 2670 1864 2732 in
1941 2689 2177 2733 omnem
2265 2667 2775 2753 superstitionem.

724 2794 1001 2876 Pergunt
1046 2791 1318 2855 homines
1365 2797 1494 2853 tum
1543 2789 1781 2852 adunco
1829 2784 2384 2872 naso'suspendere
2430 2791 2563 2850 tum
2610 2786 2784 2871 gravi

732 2911 1054 2997 supercilio
1123 2910 1406 2973 damnare
1475 2930 1626 2993 quae
1703 2906 1882 2993 plane
1950 2906 2236 2992 ignorant
2306 2908 2377 2969 ut
2444 2906 2549 2969 vix
2620 2904 2787 2969 aliud

733 3030 813 3093 sit
873 3029 1091 3093 vitium
1161 3033 1282 3093 tam
1355 3029 1636 3111 frequens
1705 3032 1951 3111 tamque
2019 3024 2470 3110 pervulgatum.
2562 3022 2789 3088 Nonne

739 3150 904 3235 quod
950 3172 1090 3214 cum
1136 3149 1343 3213 dolore
1403 3154 1745 3232 queruntur
1795 3143 2174 3224 Casauboni,
2236 3142 2535 3222 Bentleii,
2581 3142 2791 3207 Ruhn—

737 3268 939 3348 kenii,
1008 3268 1169 3332 idem
1249 3288 1498 3353 prorsus
1567 3264 1915 3329 etiamnunc
1986 3264 2050 3327 in
2127 3261 2537 3326 laudatissima
2610 3260 2792 3325 huius

739 3387 962 3452 saeculi
1036 3386 1406 3472 praestantia
1483 3383 1710 3448 criticis
1792 3382 2123 3448 identidem
2199 3381 2507 3467 obtingit?
2623 3380 2794 3462 Quid

739 3509 790 3571 si
859 3506 1144 3598 Britanni
1214 3527 1485 3589 quoque,
1567 3503 1673 3588 qni
1740 3503 2126 3589 ingeniorum
2200 3501 2464 3567 sollertia
2532 3523 2794 3566 morum-

743 3648 860 3710 que
939 3625 1233 3711 gravitate
1308 3630 1567 3687 caeteras
1642 3622 1959 3709 plerasque
2033 3621 2311 3687 nationes
2388 3621 2793 3701 antecellunt,

742 3746 994 3829 minime
1060 3768 1170 3808 suo
1244 3743 1441 3829 pretio
1510 3742 1835 3807 aestimant
1907 3742 2156 3808 doctum
2234 3759 2597 3807 BADHAMUM
2662 3742 2795 3805 lite-

740 3885 944 3931 rarum
992 3863 1151 3928 inter
1208 3863 1525 3950 populares
1576 3885 1719 3928 suos
1766 3884 1959 3927 unum
2005 3859 2276 3927 omnium
2323 3859 2795 3947 peritissimum,

742 3986 850 4069 qui
917 4006 1081 4048 nunc
1147 3982 1350 4068 procul
1427 4006 1462 4047 a
1526 3981 1725 4068 patria
1790 3979 1857 4045 in
1925 3981 2172 4045 ultimas
2250 3986 2435 4045 terras
2513 3980 2799 4045 devectus

741 4103 997 4167 nimium
1058 4102 1438 4185 nimiumque
1499 4105 1780 4187 expertus
1840 4106 1933 4164 est
1994 4090 2334 4185 aequalium
2380 4098 2677 4165 invidiam
2728 4119 2798 4164 ac

742 4223 1141 4309 suspicionem
1166 4225 1178 4287 !
