3320 5169
1565 543 1646 605 89

581 759 862 826 ben-imis
930 756 1199 823 consiliis
1269 762 1606 822 sustentare
1675 763 1737 822 et
1802 761 2059 844 possunt
2126 762 2189 822 et
2255 756 2514 822 volunt?
2562 795 2651 808 —-

583 879 735 960 Sed,
780 901 857 944 ne
891 878 1109 964 longus
1145 877 1381 958 abeam,
1429 876 1745 942 videamus
1791 876 2086 961 quaedam
2131 876 2206 942 de
2253 867 2652 963 compendiis.

581 1001 664 1066 Et
740 999 986 1085 quidem
1053 998 1249 1085 primo
1326 998 1462 1063 loco
1533 997 1607 1062 de
1679 996 2055 1084 compendiis
2134 997 2647 1078 terminationum,

583 1119 802 1185 deinde
863 1119 938 1183 de
999 1117 1164 1183 notis
1211 1116 1579 1203 quibusdam
1628 1138 1782 1202 quae
1827 1116 2034 1181 valent
2078 1116 2344 1200 inteqras
2375 1117 2649 1201 particu-

585 1241 713 1320 las,
778 1245 911 1303 tum
972 1237 1050 1302 de
1111 1238 1298 1321 siquis
1351 1237 1905 1320 grammaticorum,
1977 1236 2241 1321 denique
2303 1237 2377 1302 de
2440 1237 2652 1304 abbre-

584 1357 796 1423 viandi
840 1358 1088 1424 licentia
1131 1358 1198 1423 in
1243 1357 1574 1423 nominibus
1602 1357 1893 1441 propriis.

675 1477 1200 1562 Antiquissimum
1261 1483 1354 1543 est
1414 1477 1844 1564 compendium
1901 1477 1966 1541 N
2014 1477 2241 1562 finalis
2303 1499 2649 1563 expressum

584 1620 691 1683 per
748 1595 1030 1662 lineolam
1098 1596 1309 1661 literae
1371 1596 1777 1683 paenultimae
1839 1597 2322 1682 suprascriptam.
2415 1597 2650 1664 Eodem

587 1716 765 1781 modo
835 1716 1141 1780 interdum
1200 1715 1577 1802 significatur
1638 1739 1681 1779 α
1735 1721 1861 1780 tam
1919 1716 1983 1781 in
2053 1715 2270 1780 mediis
2338 1737 2522 1800 quam
2586 1717 2648 1780 in

585 1837 870 1902 extremis
916 1836 1247 1902 vocabuliS.
1343 1837 1539 1922 (Quae
1604 1836 1783 1901 litera
1839 1836 1907 1901 in
1972 1834 2408 1902 recentioribus
2475 1835 2650 1902 libris

586 1956 1016 2043 compendium
1092 1955 1276 2021 habet
1320 1958 1422 2041 L)
1542 1956 1761 2021 Variae
1842 1956 1984 2021 inde
2057 1956 2275 2021 harum
2341 1955 2649 2021 literarum

586 2076 943 2141 omissiones
988 2082 1050 2142 et
1096 2076 1504 2143 confusiones,
1595 2076 1877 2162 Cumque
1921 2077 2170 2141 nomina
2214 2076 2460 2163 propria
2499 2098 2649 2162 quo-

587 2218 707 2280 que
755 2219 789 2260 a
847 2195 1109 2262 librariis
1177 2197 1433 2262 indicari
1466 2174 1469 2181 ’
1504 2196 1739 2261 soleant
1796 2197 1958 2261 linea
2022 2197 2517 2282 superimposita,
2584 2197 2648 2261 in

584 2315 732 2379 haec
778 2315 1163 2401 potissimum
1211 2340 1253 2379 α
1300 2323 1361 2380 et
1407 2340 1435 2379 ν
1485 2338 1795 2402 perperam
1842 2315 2226 2403 irrepserunt.

680 2433 861 2513 Quod
914 2439 1091 2498 antea
1151 2434 1219 2497 in
1276 2434 1588 2521 Euripidis
1649 2435 1974 2500 Alcestidis
2024 2415 2083 2502 tr.
2142 2439 2263 2503 117
2325 2436 2646 2503 edebatur:

769 2622 895 2678 ΗΡ.
946 2614 1161 2694 τόλμα
1210 2623 1520 2698 προτεῖναι
1567 2625 1756 2698 χεῖρα
1804 2616 1907 2681 καὶ
1960 2618 2153 2695 θιγεῖν
2206 2617 2404 2695 ξένης.

771 2744 909 2802 ΑΛ.
961 2735 1066 2801 καὶ
1120 2737 1189 2811 δὴ
1239 2738 1525 2820 προτείνω
1575 2738 1892 2820 Γοργόν’
1940 2742 2029 2812 ὡς
2078 2739 2531 2822 καρατόμῳ.

588 2912 752 2977 omni
799 2933 976 2976 sensu
1026 2918 1218 2976 vacat.
1312 2912 1584 2977 Salutem
1630 2912 1764 2977 loco
1811 2913 2140 2999 depravato
2188 2914 2397 2980 dextre
2444 2915 2651 2981 attulit

587 3031 682 3095 vir
752 3030 998 3114 quidam
1067 3030 1318 3110 doctus,
1391 3032 1708 3096 familiaris
1769 3032 2101 3112 Badhami,
2170 3057 2250 3098 ex·
2313 3042 2644 3116 καρατομῶ

586 3172 800 3216 eruens
846 3153 1234 3231 καρατομεῖν.
1323 3150 1641 3215 Probabile
1704 3158 1796 3215 est
1840 3153 2259 3218 tenuissimam
2306 3156 2644 3240 compendii

582 3271 867 3337 lineolam
922 3294 1057 3336 cum
1105 3277 1356 3335 accentu
1403 3269 1788 3336 circumflexo
1837 3272 2155 3338 coaluisse.

672 3391 901 3457 Narrat
955 3389 1424 3455 Valckenaerius
1495 3392 1558 3455 in
1614 3389 1865 3455 Schedis
1936 3393 2081 3457 viris
2151 3391 2344 3457 doctis
2418 3394 2644 3460 alicubi

583 3513 850 3578 suaviter
910 3512 1269 3597 imposuisse
1335 3498 1643 3592 {MT-Q.
1745 3511 2190 3598 Exsculpebant
2249 3512 2344 3577 illi
2405 3514 2506 3579 ἐπὶ
2556 3517 2640 3597 τῷ

582 3633 685 3697 sed
731 3656 939 3697 verum
985 3638 1113 3697 erat
1160 3634 1229 3696 ἐν
1280 3633 1492 3714 πίθῳ.
2217 3713 2223 3718 ⁴

673 3752 845 3817 Idem
911 3751 1203 3818 observat.
1266 3753 1478 3839 Eurip.
1526 3754 1753 3817 Phoen.
1800 3775 1861 3817 v.
1913 3755 2039 3817 584
2085 3775 2195 3840 pro
2232 3756 2639 3838 ’Ἄδραστε

579 3871 767 3937 libros
825 3872 1161 3958 complures
1225 3873 1501 3938 exhibere
1540 3871 2027 3953 ”Ανδραστε.
2128 3874 2229 3940 Sic
2285 3883 2336 3938 Κ
2355 3875 2635 3957 poznan

579 3990 920 4077 appellatur
966 3991 1064 4056 cui
1119 4014 1339 4058 nomen
1387 4000 1513 4058 erat
1560 3993 1857 4074 Κρᾶθις
1908 4003 1967 4060 et
2014 3995 2635 4078 Ἀγαθαρχίδας

578 4109 703 4174 dux
763 4110 1114 4176 Corinthius
1162 4113 1316 4178 male
1361 4113 1515 4179 abiit
1567 4114 1634 4178 in
1681 4114 2383 4196 Ἀγανθαρχίδας.
2480 4120 2639 4188 Vide

575 4236 879 4316 praeterea
926 4230 1121 4296 varias
1164 4230 1489 4315 lectiones,
1552 4255 1703 4317 quas
1759 4235 2160 4320 comportavit
2204 4236 2516 4305 Bekkerus
2560 4242 2638 4307 ad
