3320 5169
1700 530 1781 591 80

711 740 851 806 Lib.
914 739 1113 820 VIII,
1176 737 1324 826 Cap.
1386 741 1462 819 8,
1530 742 1647 805 13:
1714 743 1820 806 καὶ
1880 746 2061 806 τοῦτο
2128 741 2541 807 παντάπασιν
2615 744 2768 808 ἀνέ·

714 884 1033 942 στραπται
1083 865 1144 924 et
1187 859 1327 924 Lib.
1379 859 1486 937 ΙΙ,
1533 859 1682 947 Cap.
1733 865 1807 941 2,
1860 864 1895 925 5
1946 861 2053 927 ubi
2084 863 2410 948 genuinam
2445 863 2768 929 lectionem

713 988 917 1046 servat
959 980 1116 1045 liber
1161 978 1545 1064 Guelferbyt.
1593 979 1788 1046 Paris.

800 1101 989 1177 ἀπὸ,
1054 1100 1083 1164 ε’
1097 1099 1179 1163 πὶ
1245 1106 1307 1164 et
1368 1099 1514 1164 ὑπὸ
1574 1098 1858 1185 plurimis
1916 1100 2063 1166 locis
2108 1102 2268 1167 inter
2314 1125 2376 1166 se
2426 1109 2769 1189 permutata

710 1230 873 1288 sunt.
924 1220 1119 1286 Cuius
1164 1220 1251 1283 rei
1297 1219 1596 1304 imprimis
1641 1218 1707 1284 in
1745 1242 1921 1284 causa
1960 1228 2105 1285 sunt
2136 1221 2557 1307 compendiola
2600 1244 2769 1307 prae-

710 1341 1088 1428 positionum
1147 1339 1272 1404 ἀπὸ
1336 1345 1398 1402 et
1458 1340 1573 1404 ὑπὸ
1643 1340 1857 1405 literae
1913 1340 1954 1422 ζ
2004 1363 2127 1405 non
2191 1341 2363 1406 valde
2415 1340 2766 1420 dissimilia,

717 1464 872 1530 unde
938 1463 977 1545 ζ
1021 1461 1325 1526 interdum
1391 1482 1500 1546 pro
1568 1459 1694 1523 ἀπὸ
1763 1459 1989 1524 lectum
2051 1465 2161 1524 est.
2257 1459 2422 1524 Hinc
2490 1459 2768 1524 confusio

714 1582 1033 1648 verborum
1071 1581 1370 1645 ἀπαιτεῖν
1417 1586 1478 1644 et
1525 1579 1769 1661 ζητεῖν,
1816 1580 1921 1661 ζῆν
1963 1588 2023 1645 et
2046 1579 2306 1661 ἀποζῆν.
2347 1578 2441 1643 Of.
2481 1577 2766 1664 Xenoph.

711 1702 785 1767 de
831 1703 982 1788 Rep.
1034 1702 1258 1767 Athen.
1308 1698 1378 1779 I,
1444 1702 1546 1764 15.

796 1820 999 1886 Schol.
1058 1821 1121 1885 in
1184 1819 1406 1906 Odyss.
1456 1826 1498 1886 Ξ
1551 1821 1679 1883 334,
1729 1820 1788 1884 b.
1838 1819 1950 1896 ἐμὲ
1997 1819 2134 1899 πρὶν
2194 1817 2579 1901 ἀπέπεμψε]
2635 1840 2765 1891 νοη-

708 1941 843 2006 τέον
891 1942 954 2007 δὲ
1014 1937 1107 2007 ὅτι
1172 1937 1420 2023 ὕστερον
1484 1941 1655 2017 μετα
1732 1939 1800 2004 τὸ
1854 1936 2254 2017 ἀποστρέψαι
2301 1937 2403 2001 τὸν
2451 1934 2765 2000 Ὀδυσσέα

710 2062 779 2125 ἐκ
823 2068 936 2135 τῆς
985 2060 1276 2135 Δωδώνης
1318 2084 1376 2123 κ.
1402 2083 1462 2122 τ.
1489 2074 1548 2123 λ.
1619 2058 1838 2123 Procul
1884 2057 2068 2123 dubio
2113 2056 2435 2143 legendum
2482 2062 2574 2120 est
2620 2055 2767 2119 ὑπο-

709 2180 1010 2261 στρέψαι,
1047 2186 1189 2262 post
1230 2178 1485 2244 reditum
1528 2177 1784 2264 Ulyssis.

802 2299 1000 2365 Schol.
1040 2300 1101 2364 in
1140 2299 1358 2385 Odys&
1401 2306 1442 2366 Ξ
1494 2300 1615 2362 521
1656 2297 1717 2362 b.
1766 2295 2177 2377 παρεκέσκετ’
2216 2293 2531 2380 ἀμοιβάς]
2582 2292 2769 2375 παρέ-

714 2442 879 2483 κειτο
935 2422 967 2494 ἦ
1021 2427 1270 2499 χλαῖνα
1338 2417 1620 2497 ἀμοιβὰς
1686 2414 1879 2490 οὖσα,
1947 2413 1983 2480 ὅ
2045 2418 2213 2481 ἐστιν
2285 2417 2405 2480 ὑπ’
2444 2416 2767 2498 ἀμοιβῇ

714 2538 987 2619 κειμένη.
1087 2540 1222 2607 Imo
1272 2540 1386 2606 ἐπ’
1427 2537 1753 2622 ἀμοιβῇ.

803 2661 903 2725 Ad
948 2683 1006 2726 v.
1055 2664 1181 2725 269
1230 2683 1395 2746 seqq.
1447 2670 1519 2725 Σ.

897 2826 1122 2909 (αύτάρ
1173 2827 1322 2899 ἐπὴν
1371 2826 1439 2897 δὴ
1489 2825 1692 2891 παῖδα
1740 2825 2161 2903 γενειήσαντα
2209 2824 2372 2900 ἴδηαι

893 2937 1249 3024 γήμασθ’ςῖ)
1299 2947 1355 3009 κ’
1386 2944 1721 3027 ε’θέλησθα,
1770 2946 1906 3009 τεὸν
1959 2946 2130 3010 κατά
2179 2947 2356 3023 δῶμα
2403 2947 2703 3029 λιποῦσα)

802 3123 1163 3190 Scholiastes
1209 3131 1527 3189 annotasse
1589 3125 1818 3190 fertur:
1881 3122 1982 3190 ἵνα
2050 3126 2138 3204 μὴ
2188 3128 2220 3189 ὑ
2238 3151 2285 3191 π
2305 3125 2331 3190 ὸ
2390 3150 2438 3190 π
2458 3150 2501 3191 α
2517 3150 2557 3189 τ
2577 3149 2605 3206 ρ
2624 3124 2665 3206 ql>
2686 3148 2713 3190 0
2736 3149 2768 3188 υ

605 3319 610 3325 ,
717 3245 1113 3325 ἐξουσίας
1181 3245 1441 3324 γένηται
1508 3245 1535 3310 ὅ
1598 3253 1774 3317 παῖς.
1871 3245 2162 3327 Dederat,
2211 3252 2283 3311 ut
2334 3248 2583 3334 opinor:
2635 3246 2767 3313 ἐπὶ

715 3366 1054 3449 πατρῴῳ
1104 3366 1387 3449 ἐξουσίᾳ,
1434 3368 1540 3431 sub
1573 3366 1789 3451 patria
1828 3372 2141 3449 potestate.

803 3487 975 3552 Idem
1024 3485 1517 3573 compendiolum
1565 3484 1604 3566 ζ
1623 3515 1706 3541 --
1732 3484 1858 3549 ἀπὸ
1906 3508 2116 3573 parum
2166 3486 2367 3551 differt
2413 3509 2449 3551 a
2493 3507 2774 3572 compen-

717 3605 835 3671 diis
879 3604 1395 3692 praepositionum
1441 3603 1613 3668 κατα
1660 3610 1724 3669 et
1767 3604 1859 3669 ἐκ.

807 3723 910 3789 Ad
954 3722 1176 3810 OdysS.
1226 3730 1269 3789 Ξ
1289 3772 1308 3803 ,
1359 3724 1485 3787 398
1550 3721 1850 3788 scholium
1911 3723 2114 3789 editur
2166 3723 2493 3790 ridiculum
2538 3724 2605 3789 in
2649 3747 2773 3790 mo·

719 3842 866 3907 dum
912 3840 1194 3907 vitiatum
1242 3847 1307 3905 et
1349 3841 1808 3928 interpolatum.

810 3963 860 4026 εἰ
911 3960 973 4025 δὲ
1024 3960 1163 4026 καὶ
1216 3960 1402 4047 (Lege
1449 3962 1532 4027 sis
1580 3963 1676 4048 κε)
1743 3962 1833 4040 μὴ
1900 3960 2140 4043 ἔλθησιν
2205 3960 2401 4049 ἄναξ]
2463 3964 2512 4028 εἰ
2568 3964 2630 4028 δὲ
2684 3964 2771 4043 μὴ

721 4080 878 4147 ἔλθοι
946 4083 974 4147 ὂ
1036 4082 1138 4154 σὸς
1195 4079 1362 4159 ἄναξ
1423 4081 1577 4168 (ἤτοι
1647 4082 1675 4145 ὂ
1725 4081 2092 4161 Ὀδυσσεὺς)
2151 4086 2229 4156 ὡς
2292 4085 2570 4166 ἀγορεύω
2631 4085 2771 4157 τοὺς

721 4202 861 4276 σοὺς
911 4203 1121 4283 δμῶας
1188 4203 1341 4290 (ἤτοι
1391 4202 1669 4288 δούλους)
1736 4194 2073 4277 ἐπισσεύας
2133 4204 2407 4292 [αὐτοῖς]
2459 4204 2612 4291 (ἤτοι
2674 4229 2772 4271 κε-
