3320 5169
1583 550 1668 611 29

603 762 812 846 φέρειν
844 765 895 847 1)
941 767 1058 829 etc.
1092 799 1179 812 -—
1207 760 1344 827 Lib.
1392 761 1461 841 I,
1508 760 1658 847 Cap.
1714 761 1835 826 137
1888 760 1913 824 ὁ
1962 760 2022 824 δὲ
2078 759 2415 842 ναύκληρος
2462 769 2664 826 ποιεῖ

604 908 686 948 τε
735 888 949 948 ταῦτα
1002 882 1109 946 καὶ
1163 879 1615 951 οἶποσαλεύσας
1681 876 1930 960 ὕστερον
1986 881 2352 962 ἀφικνεῖται
2406 905 2465 944 κ.
2498 904 2559 945 τ.
2594 895 2658 945 λ.

602 1008 726 1067 tres
771 1001 1030 1066 Codices
1075 1022 1386 1087 perperam
1437 999 1663 1065 habent
1708 1009 2004 1065 ποιεῖται
2051 1004 2286 1066 ταῦτα.

695 1120 876 1185 Addo
922 1121 1335 1207 nuperrimam
1378 1119 1693 1184 inventum
1733 1118 2029 1184 Badhami
2070 1120 2233 1204 quod
2268 1126 2471 1185 tamen
2518 1142 2663 1184 num

603 1260 812 1305 verum
859 1241 941 1303 sit
986 1237 1382 1304 subdubitare
1436 1238 1649 1324 possis.

690 1359 912 1424 Editur
957 1359 1153 1424 Thuc.
1201 1357 1339 1422 Lib.
1390 1357 1489 1437 II,
1538 1356 1683 1442 Cap.
1720 1360 1799 1420 89
1852 1357 1936 1441 (et
1982 1379 2125 1421 sane
2174 1379 2364 1422 unum
2412 1363 2474 1421 et
2518 1357 2665 1423 alte-

601 1500 734 1542 rum
783 1478 848 1543 in
894 1478 1010 1543 hoc
1058 1477 1256 1563 capite
1319 1483 1592 1562 superest
1655 1476 1720 1539 in
1785 1496 1907 1560 quo
1971 1498 2034 1540 se
2081 1482 2395 1540 exerceant
2441 1476 2664 1561 critici)

602 1597 818 1661 πολλοὶ
876 1596 935 1660 δὲ
998 1596 1105 1660 καὶ
1177 1593 1574 1676 στρατόπεδα
1641 1594 1749 1669 ἤδη
1817 1593 2098 1659 ἔπεσεν
2164 1597 2269 1658 ὑπ’
2314 1595 2663 1661 ἐλασσόνων

600 1726 676 1798 τῇ
726 1717 1000 1798 ἀπειρία.
1102 1715 1383 1800 Requirit
1443 1713 1793 1778 Badhamus
1835 1717 1886 1799 2)
1952 1712 2354 1778 ἔπταισεν
2416 1714 2665 1779 verbum

601 1835 933 1900 sexcenties
979 1858 1115 1900 cum
1164 1835 1392 1900 aoristo
1453 1842 1668 1898 πεσεῖν
1728 1840 2138 1920 permutatum
2199 1840 2381 1919 atque
2436 1833 2497 1897 in
2548 1834 2667 1898 cla-

599 1953 777 2019 dibus
825 1960 886 2019 et
932 1954 1192 2019 miseriis
1239 1976 1379 2018 cum
1421 1952 1779 2038 compositis
1818 1960 1880 2017 et
1919 1951 2211 2017 derivatis
2249 1952 2514 2017 solemne
2560 1951 2666 2017 sed

600 2072 759 2136 idem
828 2096 943 2137 usn
1009 2074 1180 2138 venit
1241 2073 1423 2138 verbo
1484 2072 1761 2136 πίπτειν.
1859 2070 1948 2136 Ut
2016 2072 2280 2158 tragicos
2347 2071 2660 2154 omittam,

597 2191 757 2277 apud
806 2214 958 2277 quos
1004 2193 1226 2279 passim
1275 2192 1505 2279 legitur
1550 2192 1804 2257 πίπτειν
1854 2192 2135 2275 ἀβουλίᾳ
2182 2193 2313 2258 sive
2360 2191 2430 2270 ἐξ
2468 2192 2663 2271 οὶβου·

595 2311 739 2383 λίας
791 2311 1258 2399 saepissimeque
1310 2310 1494 2407 verpa
1554 2312 1857 2395 σώζεσθαι
1908 2318 1969 2376 et
2016 2310 2269 2376 πίπτειν
2325 2333 2358 2375 e
2418 2310 2665 2397 regione

597 2430 757 2497 inter
804 2453 868 2495 se
916 2437 1058 2495 sunt
1105 2430 1388 2517 opposita
1425 2434 1515 2516 ³),
1578 2431 1727 2496 satis
1774 2454 1903 2496 esse
1947 2430 2205 2515 arbitror
2250 2430 2501 2495 unicum
2547 2436 2665 2495 tes-

598 2556 721 2616 tem
766 2551 1095 2637 producere
1150 2551 1353 2617 locum
1413 2552 1801 2618 notissimum
1865 2573 1939 2617 ex
1993 2550 2312 2616 Herodoto
2359 2549 2434 2616 de
2480 2549 2664 2616 classe

599 2672 918 2737 Persarum
967 2670 1187 2756 (VIII,
1242 2673 1347 2757 16)
1411 2672 1438 2735 o‘
1493 2671 1618 2754 γὰρ
1670 2671 1897 2753 Ξέρξεω
1963 2672 2227 2753 στρατὸς
2284 2671 2399 2736 ὑπὸ
2447 2669 2660 2749 μεγα-

598 2790 726 2864 θεός
775 2816 846 2856 τε
896 2791 1003 2855 καὶ
1052 2791 1313 2865 πλήθεος
1360 2793 1548 2865 αὐτὸς
1601 2794 1708 2857 ὑπ’
1738 2793 1961 2858 ἑωυτοῦ
2011 2791 2261 2857 ἔπιπτε.
2357 2791 2660 2858 Luculen-

597 2914 689 2975 ter
733 2917 983 2998 apparet
1027 2911 1094 2976 ni
1140 2911 1315 2977 fallor
1354 2934 1428 2976 ex
1466 2912 1660 2978 forma
1698 2912 2038 2999 imperfecti
2068 2912 2269 2999 ipsum
2307 2911 2661 2997 scriptorem
2714 2980 2723 2988 ,

598 3052 776 3095 usum
821 3053 952 3096 esse
998 3030 1180 3096 verbo
1227 3030 1504 3096 πίπτειν.
1602 3032 1787 3113 Quod
1825 3032 1986 3096 idem
2028 3030 2442 3118 Thucydidem
2487 3053 2661 3096 usur-

596 3172 769 3236 passe
814 3173 994 3216 sensu
1038 3150 1216 3237 plane
1261 3150 1471 3216 eodem
1516 3151 1667 3236 quid
1715 3150 1961 3217 obstat?
2032 3150 2259 3215 Verum
2304 3149 2380 3215 de
2422 3171 2659 3236 permu-

596 3267 830 3334 tatione
877 3293 940 3333 αι
989 3276 1050 3334 et
1096 3294 1125 3333 ε
1172 3269 1485 3336 hactenus·

683 3386 871 3454 Nunc
914 3395 1287 3454 transeamus
1324 3389 1399 3455 ad
1446 3389 1703 3455 alterum
1758 3389 1975 3454 horum
2023 3389 2378 3454 mendorum
2423 3410 2618 3475 genus
2632 3437 2653 3469 ‚

594 3530 810 3597 nempe
843 3508 921 3575 ad
956 3532 1182 3575 errores
1218 3517 1392 3575 natos
1429 3532 1504 3576 ex
1542 3509 1903 3576 confusione
1942 3535 2007 3590 n,
2056 3532 2111 3590 ι,
2157 3534 2208 3574 ει
2260 3511 2419 3597 (ιει),
2466 3533 2546 3591 οι,
2593 3533 2650 3576 υ.
2684 3572 2693 3578 .

667 3869 710 3940 ¹)
763 3866 963 3924 Eadem
1019 3867 1264 3925 confusio
1320 3868 1573 3926 obscurat
1626 3868 1773 3928 Plat.
1831 3869 1898 3926 de
1951 3869 2121 3945 Legg.
2172 3870 2263 3939 ΙΙ,
2315 3889 2369 3944 p.
2415 3870 2521 3925 664
2571 3869 2650 3925 D:

591 3955 650 4015 οὗ
719 3962 827 4032 γᾶρ
893 3957 983 4016 ’έτι
1054 3959 1280 4017 δυνατεῖ
1351 3961 1435 4031 (οἱ
1492 3960 1777 4032 γέροντες)
1832 3959 2081 4033 Φέρειν
2132 3959 2274 4035 ᾠδάς
2322 3959 2418 4016 ubi
2469 3976 2650 4016 veram

589 4055 869 4113 lectionem
906 4075 973 4113 ex
1004 4057 1167 4115 Hom.
1196 4055 1389 4132 Odyss.
1421 4063 1470 4113 Θ
1483 4100 1499 4122 ,
1539 4060 1643 4115 499
1680 4059 1952 4116 revocavit
1985 4057 2187 4115 Naberi
2215 4076 2267 4114 v.
2296 4056 2364 4114 cl.
2394 4051 2649 4118 sollertia.

658 4148 701 4218 2)
752 4146 1100 4216 Adhortatio‚
1145 4147 1344 4220 Sidney
1381 4147 1541 4206 1870.

657 4235 701 4305 ⁵)
758 4233 1020 4308 Exempla
1053 4233 1274 4309 praebet
1311 4232 1587 4307 Sophoclis
1624 4231 1691 4289 Ο.
1729 4233 1798 4288 R.
1836 4233 1930 4299 50,
1966 4231 2151 4289 Trach.
2189 4233 2287 4300 84,
2330 4231 2416 4290 El.
2452 4234 2575 4292 429.
