3320 5169
1513 576 1595 638 33

520 783 784 870 pretium
816 790 907 848 est
933 784 1097 849 adire
1123 784 1456 871 Heringam
1493 787 1598 872 qui
1631 788 1695 852 in
1721 787 1899 854 Obss.
1923 787 2076 856 Crit.
2102 791 2248 879 Cap.
2279 795 2358 858 31
2388 796 2582 861 multa

523 901 816 968 vocabula
864 903 1071 968 eodem
1122 904 1300 969 modo
1352 904 1676 992 depravata
1723 907 1797 972 de
1843 908 2141 975 industria
2186 914 2506 998 congessit.

611 1021 688 1086 In
735 1021 932 1087 Iliade
969 1030 1030 1087 et
1064 1022 1334 1110 Ogl'yssea
1379 1046 1622 1110 quoque
1669 1026 1905 1112 aliquot
1950 1028 2203 1095 vitiosae
2251 1031 2584 1118 scripturae

523 1163 592 1205 ex
653 1141 772 1206 hoc
833 1142 1002 1207 fonte
1070 1118 1423 1224 manarunt,
1488 1145 1697 1229 quales
1758 1130 1900 1212 sunt
1958 1147 2229 1226 γείνεαι,
2299 1153 2580 1231 γεινομέ·

523 1283 703 1325 νοισιν
752 1284 787 1325 a
825 1267 970 1326 nota
1015 1262 1208 1327 forma
1254 1262 1566 1342 γείνεσθαι
1605 1266 1733 1332 sive
1762 1266 2042 1344 γίνεσθαι
2091 1272 2435 1358 sequiorum
2474 1296 2583 1361 pro

522 1379 886 1462 γίγνεσθαι,
935 1404 1084 1467 quas
1129 1383 1347 1448 merito
1394 1383 1514 1448 iam
1574 1391 1715 1451 ante
1771 1387 2042 1472 quinque
2100 1389 2288 1456 lustra
2347 1392 2586 1480 expulit

520 1499 832 1566 Bekkerus
879 1523 990 1565 nec
1036 1509 1239 1567 tamen
1284 1501 1469 1567 huius
1523 1500 1610 1568 rei
1670 1499 2041 1571 evidentiam
2088 1510 2345 1594 posteris
2391 1511 2582 1577 edito·

517 1621 687 1687 ribus
732 1621 983 1710 probare
1028 1621 1255 1709 potuit.

606 1739 795 1806 Plane
855 1741 1124 1806 eiusdem
1187 1747 1440 1822 πονηροῦ
1488 1741 1815 1820 κόμματος
1882 1740 2038 1810 mihi
2079 1746 2325 1813 videtur
2369 1749 2580 1815 aoristi

408 1910 415 1911 ff
517 1861 710 1925 forma
754 1856 899 1926 εἶσα
947 1861 1021 1927 de
1068 1885 1191 1947 qua
1234 1884 1412 1928 nemo
1461 1862 1660 1928 adhuc
1708 1864 1872 1948 quod
1929 1864 2113 1931 sciam
2162 1866 2404 1933 disertis
2450 1891 2579 1935 ver·

517 1979 612 2044 bis
656 1979 918 2047 monuit.
994 1980 1251 2068 Legitur
1295 2004 1347 2048 e.
1384 2005 1436 2048 c.

604 2099 720 2165 Od.
771 2100 867 2181 H,
917 2123 976 2167 v,
1028 2103 1150 2165 162

695 2230 861 2300 εἷσε
911 2234 975 2299 δέ
1020 2238 1092 2315 μ’
1124 2237 1572 2315 εἰσαγαγοῦσα
1621 2236 1722 2301 ἐπὶ
1773 2236 1967 2319 θρόνου
2016 2239 2419 2321 ἀργυροήλου.

607 2369 683 2435 Il.
732 2371 793 2451 δ,
844 2394 901 2437 v.
953 2374 1079 2436 392

697 2507 796 2591 ἄψ
845 2510 894 2575 οἱ
945 2507 1337 2592 ἀνερχομένῳ
1383 2510 1631 2574 πυκινὸν
1681 2507 1873 2590 λόχον
1921 2504 2151 2573 εἷσαν
2198 2506 2487 2589 ἄγοντες.

606 2645 680 2711 Il.
728 2653 819 2726 ψ,
872 2670 928 2713 v.
979 2649 1105 2711 359

878 2815 1322 2832 ..........
1358 2767 1530 2849 παρὰ
1580 2767 1643 2831 δὲ
1692 2767 1920 2833 σκοπὸν
1970 2764 2130 2834 εἷσε
2149 2792 2201 2834 ν.

602 2902 1043 2990 Reponendum
1090 2926 1218 2969 esse
1265 2903 1534 2990 suspicor
1577 2899 1706 2969 ἷσε
1753 2909 1817 2969 et
1861 2899 2073 2969 ἴσαν.
2168 2905 2362 2970 Nullo
2410 2905 2574 2972 enim

514 3024 909 3089 fundamento
948 3022 1171 3088 nititur
1211 3021 1507 3087 librorum
1546 3023 1757 3104 lecti0‚
1807 3023 1971 3089 nulla
2017 3032 2109 3089 est
2148 3025 2340 3089 forma
2376 3047 2576 3109 neque

515 3142 842 3228 Homerica
908 3165 1106 3227 neque
1181 3141 1480 3207 recentior
1550 3143 1710 3207 unde
1788 3138 1929 3208 εἷσα
2000 3142 2268 3209 derivare
2345 3146 2572 3231 possis3

513 3261 681 3326 nulla
724 3261 972 3327 omnino
1017 3261 1298 3346 analogia
1344 3259 1820 3325 commendatur.
1912 3260 2138 3325 Contra
2183 3284 2253 3326 ea
2305 3261 2455 3347 quid
2508 3262 2572 3327 in

512 3386 643 3446 tota
680 3381 1025 3446 Graecitate
1070 3380 1356 3445 usitatius
1411 3402 1595 3464 quam
1639 3377 1786 3462 ἵζειν
1834 3401 1975 3444 cum
2021 3379 2352 3466 composito
2399 3380 2571 3445 καθί-
2666 3453 2669 3455 ,

514 3501 636 3583 ζειν
672 3507 795 3565 tam
833 3499 1151 3566 transitive
1190 3521 1370 3585 quam
1412 3499 1796 3564 intransitive
1834 3498 2146 3586 positum?
2190 3499 2383 3564 Cuius
2406 3500 2574 3566 verbi

512 3620 724 3685 aoristi
757 3620 952 3685 forma
988 3619 1226 3706 integra
1263 3623 1519 3683 aetatem
1559 3617 1705 3683 tulit
1751 3621 1818 3682 in
1856 3618 2265 3705 pulcherrima
2301 3618 2573 3685 oratione

510 3738 836 3805 Phoenicis
882 3738 958 3803 ad
1007 3737 1341 3803 Achillem:
1392 3737 1495 3821 (Il.
1543 3760 1594 3818 ι,
1641 3760 1700 3802 v.
1748 3739 1905 3825 488)

603 3874 739 3956 πρίν
786 3875 853 3954 γ’
885 3870 990 3940 ὅτε
1038 3873 1107 3950 δή
1157 3876 1215 3937 σ’
1247 3873 1349 3937 ἐπ’
1381 3873 1618 3952 ἐμοῖσιν
1664 3874 1786 3950 ἐγὼ
1835 3872 2124 3951 γούνεσσι
2177 3871 2504 3943 καθίσσας.

600 4008 701 4074 Ad
744 4008 901 4074 hanc
948 4008 1144 4074 lucem
1188 4007 1385 4095 igitur
1426 4005 1685 4094 exempli
1721 4008 1918 4093 gratia
1957 4008 2257 4072 maculam
2294 4006 2570 4071 eluamus

510 4130 588 4197 Il.
639 4154 701 4203 ς,
753 4131 917 4211 389,

641 4249 752 4324 τὴν
801 4250 917 4328 μὲν
965 4246 1190 4313 ἔπειτα
1236 4247 1627 4312 καθεῖσεν
1677 4245 1780 4310 ε’πὶ
1830 4244 2025 4325 θρόνου
2071 4242 2454 4326 ἀργυροήλου

2320 4368 2345 4410 s
