3320 5169
1601 490 1635 553 7

586 698 855 765 salutant
869 750 888 779 ,
936 701 1093 769 hanc.
1136 701 1418 767 laudibus
1465 724 1641 766 omne
1687 723 1878 788 genus
1924 699 2279 764 extollentes
2325 695 2640 760 fastidium

586 840 793 903 parere
858 819 1350 905 prudentioribus
1415 844 1536 886 non
1605 819 1928 896 desinunt,
2006 818 2193 883 huius
2262 816 2684 893 libertatem,-

584 939 1038 1019 auctoritatem,
1108 940 1356 1025 gloriam
1427 940 1759 1006 dummodo
1807 938 2141 1016 celebrent,
2210 940 2333 1000 non
2388 935 2644 1020 parcunt

584 1059 862 1144 ampullis
924 1066 984 1123 et
1037 1060 1553 1145 sesquipedalibus
1602 1060 1822 1124 verbis,
1913 1058 2153 1143 Regnat
2201 1057 2265 1120 in
2319 1054 2415 1118 his
2460 1052 2641 1117 rebus

585 1191 828 1261 quoque
872 1200 1004 1242 mos
1050 1179 1319 1263 quidam.

671 1297 816 1361 Non
853 1297 941 1361 ita
981 1298 1376 1363 multisante
1421 1299 1595 1363 annis
1640 1299 1802 1384 apud
1850 1302 2149 1362 nostrates
2202 1293 2470 1357 solemne
2516 1297 2646 1354 erat

582 1416 847 1500 graviter
900 1423 960 1480 et
1005 1423 1210 1482 ornate
1258 1418 1544 1489 disserere
1606 1420 1679 1482 cle
1732 1419 1862 1481 luce
1909 1417 1975 1480 in
2022 1439 2141 1500 qua
2192 1437 2351 1477 nunc
2396 1411 2643 1476 vivimus

583 1541 645 1599 et
687 1537 761 1599 de
789 1538 1174 1617 praestantia
1211 1538 1390 1601 buius
1433 1537 1662 1602 saeculi
1700 1544 1761 1601 et
1795 1538 1865 1600 de
1909 1536 2117 1599 eximio
2146 1532 2342 1617 pretio
2394 1530 2645 1596 bominis

583 1654 870 1719 mortalia.
964 1654 1093 1718 Iam
1148 1656 1488 1741 paullulum
1552 1656 1956 1720 intermittere
2002 1653 2206 1719 futiles
2253 1652 2400 1715 istas
2446 1672 2640 1734 nugas

580 1771 726 1837 laeti
783 1772 1056 1838 videmus
1109 1773 1213 1838 sed
1267 1774 1416 1858 quid
1473 1774 1718 1860 prodest
1781 1774 1833 1837 si
1880 1773 2086 1837 statim
2133 1793 2365 1836 novum
2413 1768 2638 1833 malum

581 1892 896 1975 paratum?
987 1893 1180 1980 Finge
1226 1896 1531 1959 Socratem
1580 1893 1685 1957 τὸν
1736 1892 1985 1973 εἴρωνα,
2042 1893 2145 1955 τὸν
2195 1891 2360 1956 οὐδὲν
2393 1888 2639 1954 παντά-

582 2032 774 2077 πασιν
821 2009 1028 2076 εἰδότα
1075 2012 1375 2078 divinitus
1429 2008 1506 2077 ab
1568 2013 1780 2078 inferis
1837 2011 2170 2077 excitatum
2224 2017 2320 2074 tot
2373 2009 2641 2073 saeculo-

581 2152 716 2197 rum
751 2113 1067 2196 intervallo
1103 2131 1169 2196 in
1203 2122 1359 2197 hanc
1402 2133 1600 2200 lucem
1639 2132 1920 2198 rediisse:
1972 2153 2109 2196 cum
2149 2131 2300 2195 alios
2348 2128 2636 2214 quosdam

581 2248 729 2313 salse
774 2249 1025 2329 rideret,
1074 2250 1140 2314 ni
1185 2251 1394 2331 fallor,
1458 2256 1590 2316 tum
1638 2252 1909 2338 profecto
1965 2273 2127 2315 more
2180 2273 2291 2314 suo
2358 2250 2454 2334 (ut
2498 2248 2639 2311 olim

580 2367 669 2432 sic
714 2371 902 2452 nunc)
969 2391 1177 2434 eorum
1241 2371 1368 2435 sive
1441 2372 1849 2458 arrogantiam
1911 2371 2040 2435 sive
2096 2369 2393 2435 insaniam
2452 2367 2641 2432 libera

580 2489 963 2555 contumacia
1031 2489 1397 2576 exagitaret,
1466 2492 1574 2577 qui
1640 2513 1766 2556 non
1828 2490 2162 2576 sapientiae
2220 2510 2469 2553 amorem
2531 2487 2636 2551 sed

576 2609 768 2694 ipsam
815 2609 1173 2695 sapientiam
1219 2610 1384 2675 haud
1420 2610 1671 2676 obscure
1717 2611 2108 2697 profitentur3
2155 2615 2365 2694 utpote
2410 2607 2636 2693 quibus

575 2727 703 2814 ipsa
773 2727 1072 2808 Scientia‚
1143 2729 1336 2794 veluti
1398 2730 1584 2795 altera
1651 2730 1904 2815 Egeria,
1975 2751 2181 2793 omnes
2249 2750 2341 2792 res
2396 2729 2634 2794 divinas

576 2855 756 2932 atque
798 2827 1095 2914 humanas
1141 2849 1381 2914 disertis
1434 2850 1630 2914 verbis
1677 2849 2048 2936 patefecerit.
2140 2849 2315 2930 Quae
2361 2872 2501 2914 cum
2546 2850 2636 2913 ita

576 2967 639 3030 in
687 2968 955 3032 animum
1005 2967 1329 3046 inducant,
1389 2974 1455 3032 tu
1511 2989 1655 3032 cave
1713 2991 1789 3032 ne
1852 2967 2182 3053 obloquare
2240 2969 2633 3032 sacrosanctis

574 3085 717 3150 deae
757 3085 1218 3171 interpretibUS,
1268 3110 1344 3151 ne
1378 3086 1724 3171 interpelles
1770 3086 2048 3170 quidem,
2100 3087 2261 3169 quod
2298 3088 2350 3150 si
2386 3087 2631 3166 feceriS,

575 3205 961 3271 manifestum
1039 3213 1102 3272 te
1163 3205 1475 3271 habebunt
1535 3207 1808 3270 veritatis
1878 3227 2145 3283 osorem,
2215 3205 2521 3269 hominem
2577 3209 2629 3269 si

572 3345 692 3392 non
724 3324 1065 3410 improbum
1097 3331 1158 3388 et
1186 3323 1366 3388 nihili
1404 3330 1466 3388 at
1501 3331 1660 3388 certe
1694 3324 2068 3407 lucifugum,
2103 3323 2625 3408 superstitiosum,

572 3441 757 3508 animi
811 3443 1042 3528 pusilli.
1136 3446 1223 3509 At
1272 3449 1482 3523 ῃνοῖφε
1531 3442 1637 3506 καὶ
1688 3442 1966 3521 μέμνασ’
1999 3441 2336 3507 ἀπιστεῖν”
2383 3466 2626 3508 aureum

573 3568 662 3624 est
707 3569 1112 3648 praeceptum.
1206 3563 1343 3628 Hoc
1389 3563 1441 3627 si
1488 3570 1654 3629 tenes
1705 3563 1844 3627 vide
1886 3586 1961 3627 an
2007 3564 2334 3627 novissima
2389 3564 2630 3628 oracula

573 3701 808 3745 mecum
885 3688 1252 3747 contemnas
1358 3681 1605 3747 Scilicet
1680 3682 1981 3746 somnium
2062 3689 2311 3747 vocatur
2387 3686 2625 3767 generis

570 3799 761 3863 nostri
830 3798 1146 3880 nobilitaS,
1221 3801 1429 3865 bestiis
1497 3802 1967 3886 aequiparantur
2027 3801 2315 3878 maioreS,
2389 3802 2622 3865 coelum

572 3915 930 3981 mortalibus
976 3925 1233 4004 negatur
1259 3967 1453 3986 .....
1501 3924 1717 4006 Apage
1762 3928 1966 4006 turpes
2022 3923 2240 4005 nugas!
2337 3921 2456 3984 Vix
2502 3922 2623 3986 dici

569 4042 772 4120 potest
819 4058 998 4121 quam
1048 4037 1340 4102 radicitus
1386 4038 1737 4103 istiusmodi
1784 4039 2089 4103 dementia
2133 4038 2372 4123 frangat
2418 4046 2621 4104 aucto·

570 4155 812 4220 ritatem
861 4154 1098 4218 critices
1145 4155 1430 4235 sanioris3
1480 4164 1776 4240 quantum
1816 4157 2111 4231 dolorem,
2159 4165 2446 4238 quantam
2497 4165 2622 4223 tur-
