3320 5169
1720 512 1800 571 52

992 719 1081 784 σοὶ
1133 720 1278 794 Ζῆν’
1308 724 1370 792 ἐς
1419 721 1592 792 εὐνὴν
1639 716 1840 800 ὥσπερ
1890 717 2198 800 ἄνθρωπον
2246 730 2484 799 μολεῖν.

809 901 1066 966 Prorsus
1112 901 1326 966 eodem
1370 899 1553 964 modo
1608 906 1870 964 erratum
1939 923 1974 965 a
2041 900 2484 966 numismaticis
2540 902 2646 987 qui
2714 901 2780 967 in

722 1021 991 1085 nummis
1037 1020 1278 1086 Doricis
1322 1020 1463 1084 Τόιν
1509 1042 1618 1105 pro
1665 1020 1796 1084 Ζδιν
1840 1020 2146 1106 legebant.

811 1149 900 1215 H,
951 1150 1036 1218 K,
1085 1148 1181 1215 N,
1232 1150 1289 1204 Π
1338 1149 1466 1213 TI,
1519 1148 1607 1203 IT
1678 1140 1746 1206 in
1811 1149 2069 1227 utraque
2134 1141 2434 1226 scriptura
2496 1141 2779 1207 facillime

712 1262 875 1326 inter
933 1284 996 1326 se
1057 1260 1353 1325 confundi
1418 1267 1695 1347 possunt.
1786 1260 1910 1324 Vix
1973 1260 2166 1345 igitur
2232 1260 2457 1344 ubique
2516 1266 2777 1325 statuere

714 1380 910 1465 possis
962 1386 1172 1444 utrum
1233 1402 1305 1443 ex
1365 1379 1592 1444 unciali
1650 1379 1819 1444 locus
1873 1379 2071 1444 labem
2130 1379 2496 1444 contraxerit
2557 1402 2631 1445 an
2701 1402 2773 1444 ex

713 1499 1075 1564 minuscula.
1168 1497 1558 1583 Quamquam
1606 1498 1788 1562 huius
1828 1499 1915 1563 rei
1955 1520 2193 1584 quoque
2240 1505 2403 1563 certa
2450 1520 2623 1584 saepe
2669 1498 2773 1563 ad-

709 1623 858 1683 sunt
902 1618 1152 1683 indicia.
1233 1618 1649 1695 Ἠνδοὶλιμος,
1701 1622 1774 1684 ut
1816 1617 1933 1682 hoc
1978 1622 2136 1696 utar,
2185 1623 2515 1682 monstrum
2563 1617 2771 1682 lectio-

710 1737 807 1802 nis
857 1758 965 1823 pro
1013 1713 1353 1815 κυδάλιμος
1403 1737 1564 1803 unde
1623 1743 1838 1801 natum
1896 1736 1977 1800 sit
2024 1736 2182 1800 clare
2229 1741 2475 1821 apparet
2519 1758 2596 1800 ex-
2638 1759 2769 1822 per-

709 1856 1052 1921 mutatione
1100 1880 1128 1920 v
1175 1862 1237 1922 et
1291 1881 1323 1919 υ
1372 1863 1553 1941 atque
1604 1854 1895 1920 eiusmodi
1947 1854 2097 1938 quid
2154 1876 2267 1918 usu
2331 1853 2500 1918 venit
2555 1853 2767 1918 formis

707 1976 1060 2054 σύγκλυδες
1110 1985 1170 2042 et
1215 1976 1547 2052 συνήλυδες
1580 1975 1915 2040 identidem
1952 1973 2288 2059 permixtis,
2338 1973 2392 2036 E
2439 1979 2646 2037 contra
2693 1995 2765 2037 ex

702 2095 894 2160 altero
950 2096 1118 2162 fonte
1154 2095 1367 2183 procul
1420 2094 1609 2158 dubio
1664 2099 1985 2158 manarunt
2022 2115 2246 2157 errores
2293 2115 2447 2177 quos
2490 2098 2763 2157 recenset

702 2213 966 2278 Cobetus
1002 2213 1086 2296 (Ν
1092 2235 1187 2280 ov.
1211 2213 1382 2278 Lect.
1419 2236 1480 2299 p.
1511 2213 1664 2297 745)
1691 2211 1797 2276 ubi
1823 2220 1876 2274 H
1902 2234 2011 2298 pro
2035 2220 2109 2274 IG
2139 2212 2257 2296 (ις)
2280 2212 2528 2277 lectum.
2596 2211 2758 2276 Nam

701 2330 991 2397 ambabus
1035 2330 1132 2394 his
1175 2331 1365 2396 literis
1411 2355 1485 2403 ις
1543 2331 1713 2395 nullo
1771 2330 1966 2418 spatio
2029 2330 2302 2394 diremtis
2358 2330 2484 2394 exit
2542 2329 2759 2416 Kappa

700 2448 881 2536 (Vide
925 2449 1135 2537 paullo
1175 2449 1378 2535 infra).

783 2569 904 2634 Pro
967 2568 1425 2648 ἐξηρτισμένος
1491 2570 1649 2656 apud
1700 2568 2073 2657 Hesychium
2132 2592 2182 2635 e.
2221 2592 2280 2655 g.
2342 2567 2755 2655 reponendum

698 2695 791 2754 est
835 2687 1262 2768 ἐξηρτημένος
1315 2689 1399 2774 (Ι,
1447 2713 1509 2776 p.
1559 2690 1715 2773 375)
1764 2695 1824 2754 et
1870 2689 1975 2766 II,
2020 2712 2081 2775 p.
2129 2691 2257 2753 233
2308 2686 2776 2769 ἕμβρόντητος.

694 2830 804 2894 pro
851 2806 1322 2889 ἕμβρόντιστος
1370 2816 1486 2874 etc.

786 2927 961 2993 Idem
994 2928 1155 2994 valet
1193 2928 1268 2993 de
1298 2927 1434 2992 loco
1466 2927 1533 2991 in
1565 2926 1882 3013 Aristoph.
1920 2925 2209 2991 Nubibus
2258 2928 2339 3011 (v.
2381 2928 2510 2991 874·
2558 2928 2751 3012 seqq.)

692 3047 1028 3112 inveterato
1095 3047 1315 3113 mendo
1387 3046 1742 3131 inquinatO,
1817 3045 1923 3109 ubi
1984 3046 2259 3111 Socrates
2317 3044 2753 3131 Phidippidem

694 3167 892 3232 filium
937 3167 1123 3233 stulto
1157 3168 1316 3254 patri
1347 3190 1473 3232 non
1506 3166 1682 3231 valde
1724 3165 2075 3231 dissimilem
2113 3166 2210 3230 his
2247 3164 2447 3229 verbis
2488 3164 2748 3230 deridet:

964 3369 1116 3434 Ἰδοὺ
1166 3366 1510 3449 μκρέμοιιω
1551 3368 1627 3439 ὥς
1678 3366 1899 3442 ἠλίθιον
1947 3364 2307 3449 ἐφθέγξατο

960 3488 1066 3553 καὶ
1114 3495 1272 3554 τοῖσι
1320 3485 1604 3567 χείλεσιν
1653 3485 2077 3568 διερρυηκόσιν.

963 3612 1093 3680 πῶς
1138 3606 1216 3672 ἂν
1262 3607 1446 3685 μάθοι
1495 3608 1629 3673 ποθ’
1676 3602 1846 3681 οὗτος
1895 3607 2245 3689 ἀπόφευξιν
2294 3606 2462 3686 δίκης

963 3727 997 3803 ἢ
1047 3727 1336 3801 κλῆσιν
1386 3726 1418 3802 ἢ
1468 3726 1785 3808 χαύνωσιν
1832 3726 2361 3808 οὶναπειστηρίανς

778 3938 944 4003 Nam
1005 3936 1154 4023 quid
1209 3935 1311 4001 hic
1364 3937 1603 4013 tandem
1663 3935 1778 4000 sibi
1837 3937 2022 4001 vellet
2082 3939 2116 4012 ἦ
2179 3945 2432 4012 κλῆσις,
2507 3941 2743 4006 testium

689 4058 936 4139 citatio,
999 4079 1155 4141 quae
1217 4062 1343 4121 erat
1390 4055 1868 4140 uniuscuiusque
1905 4078 2102 4140 neque
2148 4057 2301 4122 ullas
2347 4060 2514 4144 quod
2560 4060 2743 4125 sciam

688 4176 1028 4264 requirebat
1088 4175 1382 4241 astutias?
1473 4173 1708 4239 Mirum
1770 4181 1862 4239 est
1916 4177 2221 4243 neminem
2288 4179 2487 4245 adhuc
2546 4180 2741 4246 lucem
