3320 5169
1476 544 1556 606 81

485 756 748 841 λεύσας)
797 751 1058 834 βαλέειν
1116 756 1217 822 ἐπὶ
1285 755 1517 836 πέτρας
1583 756 1696 834 ἐμὲ
1761 757 2012 832 θέλησον
2084 756 2238 843 (ἤτοι
2293 783 2543 823 κατα-

486 877 946 963 κρημνίσαι)
1003 882 1121 944 ete.
1212 875 1501 963 Suspicor
1567 876 1632 942 in
1703 876 1853 944 Ood.
1910 876 1973 958 Q,
2039 868 2351 944 exaratum
2418 901 2550 944 esse

485 998 746 1077 βαλέειν
814 999 941 1063 ἀπὸ
1006 997 1233 1077 πέτρης
1310 995 1474 1081 quod
1541 1002 1755 1062 natum
1827 1019 1901 1061 ex
1972 996 2186 1062 κατὰ
2251 996 2549 1079 πέτρης

487 1117 913 1204 compendiose
959 1117 1210 1203 scripto.
1281 1114 1446 1180 Nam
1483 1114 1615 1201 ipsa
1642 1114 1894 1181 Homeri
1933 1115 2116 1182 verba
2154 1139 2189 1182 a
2214 1116 2554 1182 Scholiasta

488 1236 779 1302 citantur.

576 1357 954 1422 Permutatio
1022 1357 1175 1421 ἀπὸ
1249 1361 1312 1421 et
1372 1358 1459 1420 ἐκ
1526 1376 1650 1418 non
1716 1354 1860 1418 solis
1921 1354 2138 1420 scribis
2207 1355 2313 1420 sed
2381 1369 2557 1440 saepe

489 1476 675 1541 etiam
720 1475 974 1541 debetur
1018 1475 1519 1541 correctioneulis
1566 1495 1777 1538 eorum
1823 1474 1930 1558 qui
1972 1481 2237 1540 veterem
2284 1474 2555 1561 linguam

489 1595 566 1660 ad
604 1596 893 1661 'vitiosam
952 1595 1049 1660 sui
1120 1594 1412 1682 temporis
1475 1594 1799 1668 συνήθειαν
1861 1595 2149 1680 refingere
2210 1593 2556 1659 studebant.

493 1713 805 1800 Imprimis
866 1714 1132 1778 notanda
1195 1719 1290 1779 est
1357 1713 1634 1779 confusio
1698 1714 2012 1781 verborum
2076 1712 2448 1791 ἀποβαίνειν
2497 1720 2561 1778 et

497 1830 812 1909 ἐκβαίνειν
862 1854 1001 1897 eum
1056 1831 1368 1898 derivatiS.

583 1956 626 2016 οὶ
648 1950 741 2016 πό
788 1951 1095 2016 interdum
1140 1973 1448 2038 perperam
1501 1951 1780 2038 legerunt
1824 1974 1933 2038 pro
1975 1950 2194 2032 παρα
2235 1951 2369 2016 viee
2391 1973 2561 2015 versa

496 2072 779 2157 quoniam
828 2071 894 2134 in
938 2072 1254 2137 nonnullis
1298 2071 1472 2137 libris
1517 2072 1561 2135 οἱ
1580 2071 1674 2135 πὸ
1721 2093 1827 2157 per
1874 2070 2304 2158 compendium
2352 2068 2561 2135 scribi·

496 2227 629 2285 tur:
678 2193 759 2300 Z,
808 2221 1053 2301 παραε
1103 2196 1173 2287 πρκ
1246 2219 1548 2301 Pessime,
1595 2243 1738 2285 nam
1787 2221 1849 2284 in
1898 2221 2324 2307 compendiosa
2374 2220 2563 2306 serip-

499 2345 640 2403 tura
684 2339 895 2404 literae
941 2338 1386 2425 suprascriptae
1432 2361 1668 2426 semper
1712 2340 1835 2404 fere
1886 2339 2374 2426 pronuntiandae
2401 2345 2565 2404 sunt

485 2481 632 2556 post
667 2497 766 2539 eas
807 2494 960 2557 quae
1006 2473 1240 2557 positae
1286 2480 1430 2537 sunt
1467 2472 1530 2536 in
1570 2474 1702 2559 ipsa
1747 2473 1937 2554 linea,
1979 2497 2038 2541 v.
2072 2498 2123 2541 o.
2171 2451 2310 2539 ὀε
2335 2473 2564 2554 ὄνομα,

503 2598 650 2687 3=
686 2623 896 2701 νόμος,
972 2620 1282 2700 νόμισμα,
1358 2621 1581 2700 νόημα.
1698 2623 1956 2689 Prorsus
2034 2625 2193 2690 idem
2263 2625 2425 2690 valet
2494 2625 2567 2690 de

502 2747 652 2838 ἓτ--τ
679 2774 780 2838 ἐπὶ
853 2781 915 2838 et
984 2746 1033 2838 π
1061 2803 1143 2828 --
1171 2770 1329 2852 περί.
1443 2770 1747 2836 Palmaria
1816 2777 1908 2836 est
1976 2772 2316 2837 emendatio
2389 2772 2568 2857 Pluy-

503 2896 686 2982 gersii
736 2918 792 2960 v,
821 2916 875 2960 e.
939 2893 1004 2958 in
1060 2892 1345 2978 Xenoph.
1400 2890 1736 2958 Memorab.
1785 2892 1883 2972 II,
1939 2896 2008 2970 l,
2058 2896 2139 2957 22
2205 2892 2272 2957 in
2333 2892 2569 2957 somnio

504 3013 820 3079 Herculis:
861 3013 973 3086 τὴν
1003 3011 1247 3076 Κακίαν
1279 3014 1821 3077 κατασκοπεῖσθαι
1862 3012 2038 3091 θαμὰ
2070 3013 2330 3089 ἑαυτὴν,
2370 3035 2567 3092 περι-

506 3144 758 3201 σκοπεῖν
822 3136 884 3201 δὲ
940 3133 1044 3199 καὶ
1111 3133 1321 3218 (vulgo
1387 3133 1793 3219 ἐπισκοπεῖν)
1846 3132 1904 3198 εἴ
1965 3158 2059 3206 τις
2124 3133 2320 3206 ἄλλος
2371 3133 2568 3207 αὐτὴν

506 3257 750 3321 θεᾶται.

595 3374 719 3439 Vix
788 3374 1254 3461 distinguuntur
1324 3374 1445 3439 duo
1513 3375 1872 3462 compendia
1937 3375 2162 3461 quibus
2230 3372 2443 3439 κατὰ
2510 3379 2574 3439 et

507 3519 558 3574 μ
578 3519 605 3559 ε
624 3493 725 3558 τὰ
773 3492 1076 3578 designari
1123 3493 1340 3558 solent.

600 3612 804 3679 Schol.
851 3611 918 3676 in
963 3611 1186 3698 Odys&
1213 3619 1256 3679 Ξ
1307 3615 1434 3677 513
1471 3612 1809 3691 ἐπημοιβοί
1853 3615 1955 3699 τε]
1997 3612 2125 3689 ἤτοι
2156 3610 2233 3685 ἃς
2283 3612 2571 3693 ἀμείψα-

512 3732 657 3798 σθαί
705 3756 800 3804 τις
851 3732 1111 3796 δύναται
1171 3730 1203 3806 ἢ
1267 3731 1844 3810 καταλαμβάνειν
1910 3733 2121 3800 εἴποτε
2186 3735 2425 3815 χειμὼν
2478 3732 2570 3808 εἴη

513 3878 572 3918 κ.
607 3868 756 3918 aaz.
853 3853 1042 3917 Recte
1101 3874 1263 3917 unus
1324 3850 1477 3919 Ood.
1544 3852 1884 3921 Vindebon.
1946 3855 2128 3921 habet
2193 3869 2575 3935 μεταλαμ-

513 3972 756 4054 βοὶνειν.

604 4091 683 4156 In
750 4090 1178 4157 Demosthenis
1244 4091 1416 4160 Orat.
1481 4094 1628 4174 πρὸς
1711 4093 2058 4160 Φαίνιππον
2121 4095 2257 4176 περὶ
2333 4093 2574 4161 ἀντιδό-

517 4236 667 4284 σεως
725 4214 759 4298 ᾧ
811 4214 848 4276 3
895 4233 1003 4297 pro
1067 4212 1420 4290 ἀναγκαῖόν
1484 4215 1651 4279 ἐστιν
1717 4218 1802 4288 εἷς
1864 4217 1973 4290 τὴν
2039 4217 2191 4291 ἐμὴν
2245 4218 2575 4298 πειρᾶσθαι

2285 4340 2310 4379 ο
