<?xml version="1.0" encoding="UTF-8"?>
<!DOCTYPE html PUBLIC "-//W3C//DTD XHTML 1.0 Transitional//EN"
    "http://www.w3.org/TR/xhtml1/DTD/xhtml1-transitional.dtd">
<html xmlns="http://www.w3.org/1999/xhtml" xml:lang="en" lang="en">
 <head>
  <title>
</title>
<meta http-equiv="Content-Type" content="text/html;charset=utf-8" />
  <meta name='ocr-system' content='tesseract 3.04.00' />
  <meta name='ocr-capabilities' content='ocr_page ocr_carea ocr_par ocr_line ocrx_word'/>
</head>
<body>
  <div class='ocr_page' id='page_1' title='image "./studiapalaeogra00vollgoog_0059.png"; bbox 0 0 3320 5169; ppageno 0'>
   <div class='ocr_carea' id='block_1_1' title="bbox 1565 538 1648 601">
    <p class='ocr_par' dir='ltr' id='par_1_1' title="bbox 1565 538 1648 601">
     <span class='ocr_line' id='line_1_1' title="bbox 1565 538 1648 601; baseline 0.024 -2"><span class='ocrx_word' id='word_1_1' title='bbox 1565 538 1648 601; x_wconf 79' lang='lat'>47</span> 
     </span>
    </p>
   </div>
   <div class='ocr_carea' id='block_1_2' title="bbox 570 745 2656 3825">
    <p class='ocr_par' dir='ltr' id='par_1_2' title="bbox 586 745 2656 1192">
     <span class='ocr_line' id='line_1_2' title="bbox 586 745 2654 835; baseline 0 -22"><span class='ocrx_word' id='word_1_2' title='bbox 586 748 655 815; x_wconf 86' lang='lat' dir='ltr'>in</span> <span class='ocrx_word' id='word_1_3' title='bbox 702 745 968 833; x_wconf 82' lang='lat' dir='ltr'>eleganti</span> <span class='ocrx_word' id='word_1_4' title='bbox 1014 754 1076 813; x_wconf 84' lang='lat' dir='ltr'>et</span> <span class='ocrx_word' id='word_1_5' title='bbox 1133 747 1328 813; x_wconf 86' lang='lat' dir='ltr'>faceta</span> <span class='ocrx_word' id='word_1_6' title='bbox 1383 747 1760 834; x_wconf 81' lang='lat' dir='ltr'><strong>praefatione</strong></span> <span class='ocrx_word' id='word_1_7' title='bbox 1822 749 1982 835; x_wconf 84' lang='lat' dir='ltr'>(pag.</span> <span class='ocrx_word' id='word_1_8' title='bbox 2032 747 2217 833; x_wconf 93' lang='lat' dir='ltr'><strong>XXI)</strong></span> <span class='ocrx_word' id='word_1_9' title='bbox 2267 747 2363 813; x_wconf 88' lang='lat' dir='ltr'>vir</span> <span class='ocrx_word' id='word_1_10' title='bbox 2407 747 2654 829; x_wconf 77' lang='lat' dir='ltr'>doctus,</span> 
     </span>
     <span class='ocr_line' id='line_1_3' title="bbox 587 864 2656 953; baseline 0.001 -23"><span class='ocrx_word' id='word_1_11' title='bbox 587 867 867 952; x_wconf 77' lang='lat' dir='ltr'>egregius</span> <span class='ocrx_word' id='word_1_12' title='bbox 899 864 1317 933; x_wconf 86' lang='lat' dir='ltr'>-Valckenaerii</span> <span class='ocrx_word' id='word_1_13' title='bbox 1355 867 1693 953; x_wconf 87' lang='lat' dir='ltr'>discipulus</span> <span class='ocrx_word' id='word_1_14' title='bbox 1775 868 1886 953; x_wconf 90' lang='lat' dir='ltr'>qui</span> <span class='ocrx_word' id='word_1_15' title='bbox 1926 889 2293 952; x_wconf 88' lang='lat' dir='ltr'>quamquam</span> <span class='ocrx_word' id='word_1_16' title='bbox 2332 867 2656 932; x_wconf 85' lang='lat' dir='ltr'>immatura</span> 
     </span>
     <span class='ocr_line' id='line_1_4' title="bbox 589 986 2655 1075; baseline 0.003 -27"><span class='ocrx_word' id='word_1_17' title='bbox 589 991 782 1049; x_wconf 90' lang='lat' dir='ltr'>morte</span> <span class='ocrx_word' id='word_1_18' title='bbox 829 992 1142 1071; x_wconf 87' lang='lat' dir='ltr'>correptus</span> <span class='ocrx_word' id='word_1_19' title='bbox 1171 1008 1334 1049; x_wconf 89' lang='lat' dir='ltr'>nova</span> <span class='ocrx_word' id='word_1_20' title='bbox 1379 993 1441 1051; x_wconf 89' lang='lat' dir='ltr'>et</span> <span class='ocrx_word' id='word_1_21' title='bbox 1486 1009 1627 1052; x_wconf 89' lang='lat' dir='ltr'>vera</span> <span class='ocrx_word' id='word_1_22' title='bbox 1665 994 1868 1053; x_wconf 90' lang='lat' dir='ltr'>tamen</span> <span class='ocrx_word' id='word_1_23' title='bbox 1915 987 1977 1053; x_wconf 91' lang='lat' dir='ltr'>in</span> <span class='ocrx_word' id='word_1_24' title='bbox 2029 987 2206 1053; x_wconf 89' lang='lat' dir='ltr'>bonis</span> <span class='ocrx_word' id='word_1_25' title='bbox 2251 986 2443 1053; x_wconf 91' lang='lat' dir='ltr'>literis</span> <span class='ocrx_word' id='word_1_26' title='bbox 2489 1010 2655 1075; x_wconf 85' lang='lat' dir='ltr'>repe·</span> 
     </span>
     <span class='ocr_line' id='line_1_5' title="bbox 587 1104 2097 1192; baseline 0.002 -24"><span class='ocrx_word' id='word_1_27' title='bbox 587 1104 668 1168; x_wconf 85' lang='lat' dir='ltr'>rit</span> <span class='ocrx_word' id='word_1_28' title='bbox 714 1110 775 1168; x_wconf 90' lang='lat' dir='ltr'>et</span> <span class='ocrx_word' id='word_1_29' title='bbox 819 1104 1016 1170; x_wconf 86' lang='lat' dir='ltr'>sicubi</span> <span class='ocrx_word' id='word_1_30' title='bbox 1064 1112 1222 1170; x_wconf 88' lang='lat' dir='ltr'>errat</span> <span class='ocrx_word' id='word_1_31' title='bbox 1267 1105 1583 1192; x_wconf 82' lang='lat' dir='ltr'>ingeniose</span> <span class='ocrx_word' id='word_1_32' title='bbox 1630 1113 1791 1172; x_wconf 88' lang='lat' dir='ltr'>certe</span> <span class='ocrx_word' id='word_1_33' title='bbox 1836 1113 1992 1172; x_wconf 89' lang='lat' dir='ltr'>errat</span> <span class='ocrx_word' id='word_1_34' title='bbox 2025 1107 2097 1191; x_wconf 85' lang='lat'>¹).</span> 
     </span>
    </p>

    <p class='ocr_par' dir='ltr' id='par_1_3' title="bbox 586 1224 2653 1430">
     <span class='ocr_line' id='line_1_6' title="bbox 676 1224 2653 1312; baseline 0.002 -26"><span class='ocrx_word' id='word_1_35' title='bbox 676 1231 721 1286; x_wconf 96' lang='grc' dir='ltr'><strong>Γ</strong></span> <span class='ocrx_word' id='word_1_36' title='bbox 773 1229 834 1288; x_wconf 88' lang='lat' dir='ltr'>et</span> <span class='ocrx_word' id='word_1_37' title='bbox 879 1233 922 1287; x_wconf 92' lang='lat' dir='ltr'>P</span> <span class='ocrx_word' id='word_1_38' title='bbox 974 1224 1255 1289; x_wconf 84' lang='lat' dir='ltr'>confusio</span> <span class='ocrx_word' id='word_1_39' title='bbox 1303 1225 1526 1291; x_wconf 88' lang='lat' dir='ltr'>rectius</span> <span class='ocrx_word' id='word_1_40' title='bbox 1572 1224 1912 1312; x_wconf 81' lang='lat' dir='ltr'>explicatur</span> <span class='ocrx_word' id='word_1_41' title='bbox 1964 1248 2038 1291; x_wconf 85' lang='lat' dir='ltr'>ex</span> <span class='ocrx_word' id='word_1_42' title='bbox 2082 1224 2378 1311; x_wconf 84' lang='lat' dir='ltr'>scriptura</span> <span class='ocrx_word' id='word_1_43' title='bbox 2426 1224 2653 1290; x_wconf 87' lang='lat' dir='ltr'>minus·</span> 
     </span>
     <span class='ocr_line' id='line_1_7' title="bbox 586 1340 1276 1430; baseline 0.006 -25"><span class='ocrx_word' id='word_1_44' title='bbox 586 1340 726 1406; x_wconf 87' lang='lat' dir='ltr'>cula</span> <span class='ocrx_word' id='word_1_45' title='bbox 773 1341 895 1427; x_wconf 84' lang='lat' dir='ltr'>(Cf.</span> <span class='ocrx_word' id='word_1_46' title='bbox 939 1343 1088 1430; x_wconf 88' lang='lat' dir='ltr'>Cap.</span> <span class='ocrx_word' id='word_1_47' title='bbox 1136 1343 1276 1430; x_wconf 81' lang='lat' dir='ltr'>lv).</span> 
     </span>
    </p>

    <p class='ocr_par' dir='ltr' id='par_1_4' title="bbox 583 1462 2651 2028">
     <span class='ocr_line' id='line_1_8' title="bbox 675 1462 2651 1552; baseline 0.003 -27"><span class='ocrx_word' id='word_1_48' title='bbox 675 1470 748 1535; x_wconf 91' lang='grc' dir='ltr'>Γ,</span> <span class='ocrx_word' id='word_1_49' title='bbox 800 1471 877 1536; x_wconf 80' lang='grc' dir='ltr'>Τ,</span> <span class='ocrx_word' id='word_1_50' title='bbox 927 1470 1010 1529; x_wconf 95' lang='lat' dir='ltr'>T.</span> <span class='ocrx_word' id='word_1_51' title='bbox 1082 1462 1313 1531; x_wconf 88' lang='lat' dir='ltr'>Locum</span> <span class='ocrx_word' id='word_1_52' title='bbox 1361 1465 1426 1529; x_wconf 88' lang='lat' dir='ltr'>in</span> <span class='ocrx_word' id='word_1_53' title='bbox 1475 1465 1760 1551; x_wconf 89' lang='lat' dir='ltr'>Xenoph.</span> <span class='ocrx_word' id='word_1_54' title='bbox 1810 1464 2010 1530; x_wconf 89' lang='lat' dir='ltr'>Anab.</span> <span class='ocrx_word' id='word_1_55' title='bbox 2056 1463 2197 1531; x_wconf 90' lang='lat' dir='ltr'>Lib.</span> <span class='ocrx_word' id='word_1_56' title='bbox 2222 1464 2348 1545; x_wconf 91' lang='lat' dir='ltr'>VI,</span> <span class='ocrx_word' id='word_1_57' title='bbox 2398 1464 2544 1552; x_wconf 86' lang='lat' dir='ltr'>Cap.</span> <span class='ocrx_word' id='word_1_58' title='bbox 2585 1466 2651 1547; x_wconf 90' lang='lat'>1,</span> 
     </span>
     <span class='ocr_line' id='line_1_9' title="bbox 586 1581 2650 1667; baseline 0.003 -24"><span class='ocrx_word' id='word_1_59' title='bbox 586 1583 622 1667; x_wconf 56' lang='grc' dir='ltr'>ᾗ</span> <span class='ocrx_word' id='word_1_60' title='bbox 678 1583 792 1661; x_wconf 90' lang='grc'>10,</span> <span class='ocrx_word' id='word_1_61' title='bbox 843 1604 914 1645; x_wconf 87' lang='lat' dir='ltr'>ex</span> <span class='ocrx_word' id='word_1_62' title='bbox 964 1582 1278 1648; x_wconf 76' lang='lat' dir='ltr'>Athenaeo</span> <span class='ocrx_word' id='word_1_63' title='bbox 1320 1584 1582 1649; x_wconf 85' lang='lat' dir='ltr'>correxit</span> <span class='ocrx_word' id='word_1_64' title='bbox 1627 1582 1928 1649; x_wconf 83' lang='lat' dir='ltr'>Cobetus:</span> <span class='ocrx_word' id='word_1_65' title='bbox 1981 1581 2158 1655; x_wconf 72' lang='grc' dir='ltr'><em>τέλος</em></span> <span class='ocrx_word' id='word_1_66' title='bbox 2209 1584 2272 1649; x_wconf 77' lang='grc' dir='ltr'>δὲ</span> <span class='ocrx_word' id='word_1_67' title='bbox 2320 1583 2390 1648; x_wconf 78' lang='grc' dir='ltr'>τὸ</span> <span class='ocrx_word' id='word_1_68' title='bbox 2439 1608 2650 1664; x_wconf 78' lang='grc' dir='ltr'><em>περσι-</em></span> 
     </span>
     <span class='ocr_line' id='line_1_10' title="bbox 587 1701 2648 1785; baseline 0.001 -20"><span class='ocrx_word' id='word_1_69' title='bbox 587 1701 688 1766; x_wconf 82' lang='grc' dir='ltr'>κὸν</span> <span class='ocrx_word' id='word_1_70' title='bbox 743 1703 1002 1782; x_wconf 75' lang='grc' dir='ltr'><em>ὠρχεῖτο</em></span> <span class='ocrx_word' id='word_1_71' title='bbox 1061 1702 1167 1767; x_wconf 66' lang='grc' dir='ltr'>καὶ</span> <span class='ocrx_word' id='word_1_72' title='bbox 1219 1703 1508 1784; x_wconf 80' lang='grc' dir='ltr'><em>κρούων</em></span> <span class='ocrx_word' id='word_1_73' title='bbox 1562 1704 1680 1776; x_wconf 69' lang='grc' dir='ltr'>τὰς</span> <span class='ocrx_word' id='word_1_74' title='bbox 1744 1703 1989 1775; x_wconf 71' lang='grc' dir='ltr'>πέλ-τοις</span> <span class='ocrx_word' id='word_1_75' title='bbox 2050 1702 2292 1785; x_wconf 73' lang='grc' dir='ltr'><strong><em>ὤκλαζε</em></strong></span> <span class='ocrx_word' id='word_1_76' title='bbox 2343 1704 2451 1768; x_wconf 72' lang='grc' dir='ltr'>καὶ</span> <span class='ocrx_word' id='word_1_77' title='bbox 2503 1704 2648 1782; x_wconf 77' lang='grc' dir='ltr'><em>ἐξοι-</em></span> 
     </span>
     <span class='ocr_line' id='line_1_11' title="bbox 586 1822 2647 1911; baseline 0.001 -26"><span class='ocrx_word' id='word_1_78' title='bbox 586 1822 863 1887; x_wconf 78' lang='grc' dir='ltr'><em>νίστοιτο.</em></span> <span class='ocrx_word' id='word_1_79' title='bbox 961 1823 1281 1909; x_wconf 89' lang='lat' dir='ltr'>Perperam</span> <span class='ocrx_word' id='word_1_80' title='bbox 1346 1830 1545 1890; x_wconf 90' lang='lat' dir='ltr'>autem</span> <span class='ocrx_word' id='word_1_81' title='bbox 1603 1824 1770 1911; x_wconf 83' lang='lat' dir='ltr'>apud</span> <span class='ocrx_word' id='word_1_82' title='bbox 1829 1824 2211 1890; x_wconf 78' lang='lat' dir='ltr'>Athenaeum</span> <span class='ocrx_word' id='word_1_83' title='bbox 2270 1845 2381 1910; x_wconf 88' lang='lat' dir='ltr'>pro</span> <span class='ocrx_word' id='word_1_84' title='bbox 2428 1824 2647 1904; x_wconf 80' lang='grc' dir='ltr'><em>κρούων</em></span> 
     </span>
     <span class='ocr_line' id='line_1_12' title="bbox 583 1941 2406 2028; baseline -0.001 -19"><span class='ocrx_word' id='word_1_85' title='bbox 583 1941 810 2028; x_wconf 82' lang='lat' dir='ltr'>legitur</span> <span class='ocrx_word' id='word_1_86' title='bbox 855 1947 1077 2022; x_wconf 79' lang='grc' dir='ltr'><em>κροτῶν</em></span> <span class='ocrx_word' id='word_1_87' title='bbox 1126 1944 1292 2028; x_wconf 87' lang='lat' dir='ltr'>quod</span> <span class='ocrx_word' id='word_1_88' title='bbox 1338 1950 1552 2009; x_wconf 87' lang='lat' dir='ltr'>natum</span> <span class='ocrx_word' id='word_1_89' title='bbox 1598 1967 1672 2009; x_wconf 89' lang='lat' dir='ltr'>ex</span> <span class='ocrx_word' id='word_1_90' title='bbox 1718 1942 2072 2010; x_wconf 86' lang='lat' dir='ltr'>confusione</span> <span class='ocrx_word' id='word_1_91' title='bbox 2116 1951 2168 2006; x_wconf 89' lang='lat' dir='ltr'>T</span> <span class='ocrx_word' id='word_1_92' title='bbox 2218 1949 2281 2010; x_wconf 88' lang='lat' dir='ltr'>et</span> <span class='ocrx_word' id='word_1_93' title='bbox 2324 1950 2406 2007; x_wconf 93' lang='lat' dir='ltr'>T.</span> 
     </span>
    </p>

    <p class='ocr_par' dir='ltr' id='par_1_5' title="bbox 585 2061 2648 2267">
     <span class='ocr_line' id='line_1_13' title="bbox 676 2061 2648 2149; baseline 0.001 -24"><span class='ocrx_word' id='word_1_94' title='bbox 676 2061 992 2126; x_wconf 86' lang='lat' dir='ltr'>Praeterea</span> <span class='ocrx_word' id='word_1_95' title='bbox 1038 2063 1310 2149; x_wconf 87' lang='lat' dir='ltr'>exempla</span> <span class='ocrx_word' id='word_1_96' title='bbox 1356 2064 1479 2128; x_wconf 88' lang='lat' dir='ltr'>sint</span> <span class='ocrx_word' id='word_1_97' title='bbox 1518 2065 1567 2148; x_wconf 60' lang='grc' dir='ltr'>Β)</span> <span class='ocrx_word' id='word_1_98' title='bbox 1631 2062 2086 2149; x_wconf 83' lang='lat' dir='ltr'>Hesychianum</span> <span class='ocrx_word' id='word_1_99' title='bbox 2141 2062 2310 2128; x_wconf 85' lang='lat' dir='ltr'>istud</span> <span class='ocrx_word' id='word_1_100' title='bbox 2370 2062 2648 2144; x_wconf 79' lang='grc' dir='ltr'><em>ὀτρέοι,</em></span> 
     </span>
     <span class='ocr_line' id='line_1_14' title="bbox 585 2179 2645 2267; baseline 0.001 -23"><span class='ocrx_word' id='word_1_101' title='bbox 585 2179 827 2258; x_wconf 78' lang='grc' dir='ltr'><em>ἡμίονον</em></span> <span class='ocrx_word' id='word_1_102' title='bbox 880 2179 1045 2266; x_wconf 87' lang='lat' dir='ltr'>quod</span> <span class='ocrx_word' id='word_1_103' title='bbox 1090 2181 1273 2245; x_wconf 85' lang='lat' dir='ltr'>modo</span> <span class='ocrx_word' id='word_1_104' title='bbox 1335 2181 1655 2248; x_wconf 84' lang='lat' dir='ltr'>laudabam</span> <span class='ocrx_word' id='word_1_105' title='bbox 1715 2188 1777 2246; x_wconf 86' lang='lat' dir='ltr'>et</span> <span class='ocrx_word' id='word_1_106' title='bbox 1822 2183 2039 2261; x_wconf 84' lang='grc' dir='ltr'><em>’Τρεῖ</em></span> <span class='ocrx_word' id='word_1_107' title='bbox 2082 2182 2264 2267; x_wconf 77' lang='grc' dir='ltr'><em>(τρεῖ)</em></span> <span class='ocrx_word' id='word_1_108' title='bbox 2312 2181 2645 2263; x_wconf 74' lang='grc' dir='ltr'><em>φοβεῖται.</em></span> 
     </span>
    </p>

    <p class='ocr_par' dir='ltr' id='par_1_6' title="bbox 578 2292 2649 2746">
     <span class='ocr_line' id='line_1_15' title="bbox 673 2292 2649 2388; baseline 0.002 -27"><span class='ocrx_word' id='word_1_109' title='bbox 673 2306 767 2372; x_wconf 89' lang='grc' dir='ltr'>Ε,</span> <span class='ocrx_word' id='word_1_110' title='bbox 821 2308 910 2371; x_wconf 75' lang='grc' dir='ltr'>Θ,</span> <span class='ocrx_word' id='word_1_111' title='bbox 974 2306 1027 2361; x_wconf 93' lang='grc' dir='ltr'><strong>Ο</strong></span> <span class='ocrx_word' id='word_1_112' title='bbox 1053 2346 1072 2373; x_wconf 82' lang='lat'><strong>‚</strong></span> <span class='ocrx_word' id='word_1_113' title='bbox 1138 2307 1192 2362; x_wconf 93' lang='grc' dir='ltr'><strong>Σ</strong></span> <span class='ocrx_word' id='word_1_114' title='bbox 1256 2300 1516 2366; x_wconf 86' lang='lat' dir='ltr'>invicem</span> <span class='ocrx_word' id='word_1_115' title='bbox 1580 2292 2058 2368; x_wconf 77' lang='lat' dir='ltr'>commutantur.</span> <span class='ocrx_word' id='word_1_116' title='bbox 2151 2301 2389 2388; x_wconf 86' lang='lat' dir='ltr'>Nempe</span> <span class='ocrx_word' id='word_1_117' title='bbox 2457 2308 2509 2364; x_wconf 92' lang='lat' dir='ltr'>E</span> <span class='ocrx_word' id='word_1_118' title='bbox 2582 2299 2649 2365; x_wconf 88' lang='lat' dir='ltr'>in</span> 
     </span>
     <span class='ocr_line' id='line_1_16' title="bbox 583 2418 2647 2506; baseline 0 -21"><span class='ocrx_word' id='word_1_119' title='bbox 583 2418 757 2485; x_wconf 86' lang='lat' dir='ltr'>libris</span> <span class='ocrx_word' id='word_1_120' title='bbox 803 2419 987 2487; x_wconf 87' lang='lat' dir='ltr'><strong>MSS.</strong></span> <span class='ocrx_word' id='word_1_121' title='bbox 1032 2419 1287 2484; x_wconf 87' lang='lat' dir='ltr'>formam</span> <span class='ocrx_word' id='word_1_122' title='bbox 1333 2419 1512 2485; x_wconf 88' lang='lat' dir='ltr'>habet</span> <span class='ocrx_word' id='word_1_123' title='bbox 1556 2427 1647 2499; x_wconf 72' lang='grc' dir='ltr'>Ες</span> <span class='ocrx_word' id='word_1_124' title='bbox 1699 2429 1753 2484; x_wconf 92' lang='grc' dir='ltr'><strong>Σ</strong></span> <span class='ocrx_word' id='word_1_125' title='bbox 1801 2419 2089 2487; x_wconf 84' lang='lat' dir='ltr'>scribitur</span> <span class='ocrx_word' id='word_1_126' title='bbox 2135 2420 2209 2486; x_wconf 90' lang='lat' dir='ltr'>C.</span> <span class='ocrx_word' id='word_1_127' title='bbox 2259 2419 2647 2506; x_wconf 74' lang='lat' dir='ltr'>(Figuratum</span> 
     </span>
     <span class='ocr_line' id='line_1_17' title="bbox 581 2539 2644 2627; baseline -0.001 -20"><span class='ocrx_word' id='word_1_128' title='bbox 581 2539 806 2626; x_wconf 88' lang='lat' dir='ltr'>quibus</span> <span class='ocrx_word' id='word_1_129' title='bbox 873 2561 1037 2606; x_wconf 91' lang='lat' dir='ltr'>nunc</span> <span class='ocrx_word' id='word_1_130' title='bbox 1105 2539 1336 2606; x_wconf 84' lang='lat' dir='ltr'>utimur</span> <span class='ocrx_word' id='word_1_131' title='bbox 1402 2539 1638 2608; x_wconf 88' lang='lat' dir='ltr'>nullum</span> <span class='ocrx_word' id='word_1_132' title='bbox 1709 2541 1774 2605; x_wconf 91' lang='lat' dir='ltr'>in</span> <span class='ocrx_word' id='word_1_133' title='bbox 1844 2539 2158 2608; x_wconf 86' lang='lat' dir='ltr'>codicibus</span> <span class='ocrx_word' id='word_1_134' title='bbox 2218 2544 2465 2627; x_wconf 87' lang='lat' dir='ltr'>apparet</span> <span class='ocrx_word' id='word_1_135' title='bbox 2513 2560 2644 2605; x_wconf 85' lang='lat' dir='ltr'>ves-</span> 
     </span>
     <span class='ocr_line' id='line_1_18' title="bbox 578 2660 847 2746; baseline 0.007 -23"><span class='ocrx_word' id='word_1_136' title='bbox 578 2660 847 2746; x_wconf 86' lang='lat' dir='ltr'>tigium).</span> 
     </span>
    </p>

    <p class='ocr_par' dir='ltr' id='par_1_7' title="bbox 574 2778 2644 3225">
     <span class='ocr_line' id='line_1_19' title="bbox 668 2778 2644 2867; baseline 0.001 -24"><span class='ocrx_word' id='word_1_137' title='bbox 668 2778 835 2845; x_wconf 92' lang='lat' dir='ltr'>Hinc</span> <span class='ocrx_word' id='word_1_138' title='bbox 882 2785 1021 2844; x_wconf 88' lang='lat' dir='ltr'>ante</span> <span class='ocrx_word' id='word_1_139' title='bbox 1066 2779 1488 2845; x_wconf 74' lang='lat' dir='ltr'>casaubonum</span> <span class='ocrx_word' id='word_1_140' title='bbox 1550 2779 1616 2844; x_wconf 88' lang='lat' dir='ltr'>in</span> <span class='ocrx_word' id='word_1_141' title='bbox 1677 2779 1879 2867; x_wconf 85' lang='lat' dir='ltr'>lepido</span> <span class='ocrx_word' id='word_1_142' title='bbox 1927 2780 2265 2867; x_wconf 87' lang='lat' dir='ltr'>fragmento</span> <span class='ocrx_word' id='word_1_143' title='bbox 2310 2778 2644 2866; x_wconf 87' lang='lat' dir='ltr'>Hegesippi</span> 
     </span>
     <span class='ocr_line' id='line_1_20' title="bbox 580 2897 2641 2986; baseline 0.001 -23"><span class='ocrx_word' id='word_1_144' title='bbox 580 2899 832 2984; x_wconf 85' lang='lat' dir='ltr'>(Athen.</span> <span class='ocrx_word' id='word_1_145' title='bbox 878 2897 1015 2964; x_wconf 90' lang='lat' dir='ltr'>Lib.</span> <span class='ocrx_word' id='word_1_146' title='bbox 1045 2898 1205 2978; x_wconf 85' lang='lat' dir='ltr'><strong>VII,</strong></span> <span class='ocrx_word' id='word_1_147' title='bbox 1257 2902 1384 2963; x_wconf 77' lang='lat'>290</span> <span class='ocrx_word' id='word_1_148' title='bbox 1425 2898 1481 2964; x_wconf 91' lang='lat' dir='ltr'>b.</span> <span class='ocrx_word' id='word_1_149' title='bbox 1530 2906 1590 2964; x_wconf 92' lang='lat' dir='ltr'>et</span> <span class='ocrx_word' id='word_1_150' title='bbox 1640 2898 1726 2983; x_wconf 86' lang='lat' dir='ltr'>d.)</span> <span class='ocrx_word' id='word_1_151' title='bbox 1776 2898 1908 2964; x_wconf 90' lang='lat' dir='ltr'>sine</span> <span class='ocrx_word' id='word_1_152' title='bbox 1954 2922 2135 2965; x_wconf 91' lang='lat' dir='ltr'>sensu</span> <span class='ocrx_word' id='word_1_153' title='bbox 2175 2900 2305 2980; x_wconf 81' lang='grc' dir='ltr'><em>εὑρὲ</em></span> <span class='ocrx_word' id='word_1_154' title='bbox 2337 2921 2446 2986; x_wconf 93' lang='lat' dir='ltr'>pro</span> <span class='ocrx_word' id='word_1_155' title='bbox 2478 2899 2641 2981; x_wconf 84' lang='grc' dir='ltr'><strong><em>Σύρε</em></strong></span> 
     </span>
     <span class='ocr_line' id='line_1_21' title="bbox 574 3017 2641 3105; baseline 0 -23"><span class='ocrx_word' id='word_1_156' title='bbox 574 3017 875 3105; x_wconf 86' lang='lat' dir='ltr'>legebant.</span> <span class='ocrx_word' id='word_1_157' title='bbox 967 3020 1056 3084; x_wconf 80' lang='lat' dir='ltr'>At</span> <span class='ocrx_word' id='word_1_158' title='bbox 1112 3018 1363 3083; x_wconf 91' lang='lat' dir='ltr'>omnino</span> <span class='ocrx_word' id='word_1_159' title='bbox 1438 3017 1630 3097; x_wconf 81' lang='grc' dir='ltr'><em>Σύρος</em></span> <span class='ocrx_word' id='word_1_160' title='bbox 1682 3017 1776 3083; x_wconf 88' lang='lat' dir='ltr'>vel</span> <span class='ocrx_word' id='word_1_161' title='bbox 1844 3018 2139 3099; x_wconf 84' lang='grc' dir='ltr'><em>Συρίσκος</em></span> <span class='ocrx_word' id='word_1_162' title='bbox 2202 3042 2298 3091; x_wconf 79' lang='grc' dir='ltr'>τις</span> <span class='ocrx_word' id='word_1_163' title='bbox 2355 3019 2641 3084; x_wconf 86' lang='lat' dir='ltr'>dramatis</span> 
     </span>
     <span class='ocr_line' id='line_1_22' title="bbox 574 3136 1289 3225; baseline -0.001 -23"><span class='ocrx_word' id='word_1_164' title='bbox 574 3142 933 3225; x_wconf 87' lang='lat' dir='ltr'>argumento</span> <span class='ocrx_word' id='word_1_165' title='bbox 979 3136 1289 3202; x_wconf 91' lang='lat' dir='ltr'>convenit.</span> 
     </span>
    </p>

    <p class='ocr_par' dir='ltr' id='par_1_8' title="bbox 570 3254 2640 3825">
     <span class='ocr_line' id='line_1_23' title="bbox 662 3254 2640 3345; baseline 0.001 -25"><span class='ocrx_word' id='word_1_166' title='bbox 662 3257 974 3345; x_wconf 84' lang='lat' dir='ltr'>Imprimis</span> <span class='ocrx_word' id='word_1_167' title='bbox 1019 3255 1442 3322; x_wconf 69' lang='lat' dir='ltr'>iuvocabulis</span> <span class='ocrx_word' id='word_1_168' title='bbox 1490 3254 1846 3342; x_wconf 86' lang='lat' dir='ltr'>compositis</span> <span class='ocrx_word' id='word_1_169' title='bbox 1893 3257 1989 3320; x_wconf 81' lang='grc' dir='ltr'>εὖ·</span> <span class='ocrx_word' id='word_1_170' title='bbox 2034 3262 2096 3320; x_wconf 88' lang='lat' dir='ltr'>et</span> <span class='ocrx_word' id='word_1_171' title='bbox 2145 3281 2250 3321; x_wconf 84' lang='grc' dir='ltr'>συ·</span> <span class='ocrx_word' id='word_1_172' title='bbox 2294 3256 2640 3341; x_wconf 77' lang='lat' dir='ltr'>frequenter</span> 
     </span>
     <span class='ocr_line' id='line_1_24' title="bbox 573 3374 2633 3464; baseline -0.001 -22"><span class='ocrx_word' id='word_1_173' title='bbox 573 3383 914 3463; x_wconf 86' lang='lat' dir='ltr'>permutata</span> <span class='ocrx_word' id='word_1_174' title='bbox 960 3384 1126 3443; x_wconf 88' lang='lat' dir='ltr'>sunt.</span> <span class='ocrx_word' id='word_1_175' title='bbox 1193 3377 1270 3442; x_wconf 92' lang='lat' dir='ltr'>In</span> <span class='ocrx_word' id='word_1_176' title='bbox 1320 3376 1587 3464; x_wconf 82' lang='lat' dir='ltr'>Etymol.</span> <span class='ocrx_word' id='word_1_177' title='bbox 1634 3375 1728 3443; x_wconf 88' lang='lat' dir='ltr'>M.</span> <span class='ocrx_word' id='word_1_178' title='bbox 1770 3400 1831 3463; x_wconf 91' lang='lat' dir='ltr'>p.</span> <span class='ocrx_word' id='word_1_179' title='bbox 1882 3377 2038 3457; x_wconf 88' lang='lat'><strong>550,</strong></span> <span class='ocrx_word' id='word_1_180' title='bbox 2091 3379 2194 3443; x_wconf 85' lang='lat'>14.</span> <span class='ocrx_word' id='word_1_181' title='bbox 2244 3374 2633 3462; x_wconf 69' lang='grc' dir='ltr'><em>(Νικοχάρης</em></span> 
     </span>
     <span class='ocr_line' id='line_1_25' title="bbox 571 3492 2636 3581; baseline 0 -21"><span class='ocrx_word' id='word_1_182' title='bbox 571 3495 918 3580; x_wconf 63' lang='grc' dir='ltr'><em>Λημνίῳ·</em></span> <span class='ocrx_word' id='word_1_183' title='bbox 969 3497 1391 3574; x_wconf 77' lang='grc' dir='ltr'><em>ἐπλέομεν</em></span> <span class='ocrx_word' id='word_1_184' title='bbox 1451 3492 1493 3560; x_wconf 76' lang='grc' dir='ltr'><em>ὦ</em></span> <span class='ocrx_word' id='word_1_185' title='bbox 1543 3494 1683 3579; x_wconf 83' lang='grc' dir='ltr'><em>κόρη</em></span> <span class='ocrx_word' id='word_1_186' title='bbox 1736 3495 1837 3561; x_wconf 76' lang='grc' dir='ltr'>ἐπὶ</span> <span class='ocrx_word' id='word_1_187' title='bbox 1896 3497 2041 3581; x_wconf 79' lang='grc' dir='ltr'>κῶς)</span> <span class='ocrx_word' id='word_1_188' title='bbox 2105 3500 2268 3562; x_wconf 91' lang='lat' dir='ltr'>recte</span> <span class='ocrx_word' id='word_1_189' title='bbox 2325 3494 2636 3562; x_wconf 88' lang='lat' dir='ltr'>Hemster-</span> 
     </span>
     <span class='ocr_line' id='line_1_26' title="bbox 572 3614 2635 3704; baseline -0 -21"><span class='ocrx_word' id='word_1_190' title='bbox 572 3618 784 3683; x_wconf 84' lang='lat' dir='ltr'>husius</span> <span class='ocrx_word' id='word_1_191' title='bbox 831 3618 932 3704; x_wconf 89' lang='lat' dir='ltr'>(ad</span> <span class='ocrx_word' id='word_1_192' title='bbox 974 3617 1146 3683; x_wconf 92' lang='lat' dir='ltr'>Plut.</span> <span class='ocrx_word' id='word_1_193' title='bbox 1195 3641 1257 3704; x_wconf 92' lang='lat' dir='ltr'>p.</span> <span class='ocrx_word' id='word_1_194' title='bbox 1308 3619 1417 3703; x_wconf 87' lang='lat'>57)</span> <span class='ocrx_word' id='word_1_195' title='bbox 1466 3623 1801 3683; x_wconf 86' lang='lat' dir='ltr'>correxerat</span> <span class='ocrx_word' id='word_1_196' title='bbox 1845 3614 2050 3682; x_wconf 70' lang='grc' dir='ltr'>πλέο</span> <span class='ocrx_word' id='word_1_197' title='bbox 2070 3640 2168 3697; x_wconf 80' lang='grc' dir='ltr'>με</span> <span class='ocrx_word' id='word_1_198' title='bbox 2189 3640 2241 3682; x_wconf 87' lang='grc' dir='ltr'>ν.</span> <span class='ocrx_word' id='word_1_199' title='bbox 2336 3616 2635 3682; x_wconf 87' lang='lat' dir='ltr'>Emenda-</span> 
     </span>
     <span class='ocr_line' id='line_1_27' title="bbox 570 3736 2630 3825; baseline 0 -24"><span class='ocrx_word' id='word_1_200' title='bbox 570 3736 798 3804; x_wconf 87' lang='lat' dir='ltr'>tionem</span> <span class='ocrx_word' id='word_1_201' title='bbox 844 3737 1099 3824; x_wconf 85' lang='lat' dir='ltr'>perfecit</span> <span class='ocrx_word' id='word_1_202' title='bbox 1153 3737 1461 3802; x_wconf 84' lang='lat' dir='ltr'>Porsonus</span> <span class='ocrx_word' id='word_1_203' title='bbox 1522 3737 1835 3823; x_wconf 81' lang='lat' dir='ltr'>(Adverss.</span> <span class='ocrx_word' id='word_1_204' title='bbox 1882 3761 1944 3825; x_wconf 89' lang='lat' dir='ltr'>p.</span> <span class='ocrx_word' id='word_1_205' title='bbox 2004 3739 2112 3823; x_wconf 87' lang='lat'>39)</span> <span class='ocrx_word' id='word_1_206' title='bbox 2161 3747 2223 3803; x_wconf 87' lang='lat' dir='ltr'>A</span> <span class='ocrx_word' id='word_1_207' title='bbox 2245 3761 2278 3812; x_wconf 99' lang='grc' dir='ltr'><em>η</em></span> <span class='ocrx_word' id='word_1_208' title='bbox 2297 3761 2348 3816; x_wconf 80' lang='grc' dir='ltr'><em>μ</em></span> <span class='ocrx_word' id='word_1_209' title='bbox 2371 3760 2400 3799; x_wconf 87' lang='grc' dir='ltr'><em>ν</em></span> <span class='ocrx_word' id='word_1_210' title='bbox 2421 3736 2443 3800; x_wconf 85' lang='grc' dir='ltr'>ι’</span> <span class='ocrx_word' id='word_1_211' title='bbox 2460 3745 2518 3801; x_wconf 89' lang='grc' dir='ltr'><strong>Α</strong></span> <span class='ocrx_word' id='word_1_212' title='bbox 2537 3747 2563 3801; x_wconf 96' lang='grc' dir='ltr'>Ι</span> <span class='ocrx_word' id='word_1_213' title='bbox 2586 3745 2630 3802; x_wconf 82' lang='lat' dir='ltr'><em>O</em></span> 
     </span>
    </p>
   </div>
   <div class='ocr_carea' id='block_1_3' title="bbox 569 3924 1040 3935">
    <p class='ocr_par' dir='ltr' id='par_1_9' title="bbox 569 3924 1040 3935">
     <span class='ocr_line' id='line_1_28' title="bbox 569 3924 1040 3935; baseline 0 1234"><span class='ocrx_word' id='word_1_214' title='bbox 569 3924 1040 3935; x_wconf 95' lang='lat' dir='ltr'> </span> 
     </span>
    </p>
   </div>
   <div class='ocr_carea' id='block_1_4' title="bbox 566 3989 2628 4284">
    <p class='ocr_par' dir='ltr' id='par_1_10' title="bbox 566 3989 2628 4284">
     <span class='ocr_line' id='line_1_29' title="bbox 639 3989 2292 4107; baseline -0.002 -18"><span class='ocrx_word' id='word_1_215' title='bbox 639 4037 682 4106; x_wconf 84' lang='lat'>¹)</span> <span class='ocrx_word' id='word_1_216' title='bbox 737 4032 874 4089; x_wconf 89' lang='lat' dir='ltr'>Vide</span> <span class='ocrx_word' id='word_1_217' title='bbox 911 4051 955 4089; x_wconf 91' lang='lat' dir='ltr'>e.</span> <span class='ocrx_word' id='word_1_218' title='bbox 981 4050 1029 4090; x_wconf 89' lang='lat' dir='ltr'>c.</span> <span class='ocrx_word' id='word_1_219' title='bbox 1065 4050 1203 4105; x_wconf 89' lang='lat' dir='ltr'>quae</span> <span class='ocrx_word' id='word_1_220' title='bbox 1237 4031 1481 4106; x_wconf 86' lang='lat' dir='ltr'>disputat</span> <span class='ocrx_word' id='word_1_221' title='bbox 1515 4032 1572 4087; x_wconf 90' lang='lat' dir='ltr'>in</span> <span class='ocrx_word' id='word_1_222' title='bbox 1606 3989 1879 4101; x_wconf 18' lang='lat' dir='ltr'>Zao—Scipion</span> <span class='ocrx_word' id='word_1_223' title='bbox 1915 4052 1967 4107; x_wconf 93' lang='lat' dir='ltr'>p.</span> <span class='ocrx_word' id='word_1_224' title='bbox 2005 4034 2109 4088; x_wconf 81' lang='lat'>348</span> <span class='ocrx_word' id='word_1_225' title='bbox 2147 4048 2292 4103; x_wconf 88' lang='lat' dir='ltr'>seqq.</span> 
     </span>
     <span class='ocr_line' id='line_1_30' title="bbox 579 4118 2628 4198; baseline -0.001 -19"><span class='ocrx_word' id='word_1_226' title='bbox 579 4175 589 4187; x_wconf 82' lang='lat'><em>,</em></span> <span class='ocrx_word' id='word_1_227' title='bbox 637 4125 685 4195; x_wconf 68' lang='lat'>²)</span> <span class='ocrx_word' id='word_1_228' title='bbox 735 4122 1072 4198; x_wconf 77' lang='lat' dir='ltr'>Exquisitam</span> <span class='ocrx_word' id='word_1_229' title='bbox 1121 4120 1543 4178; x_wconf 86' lang='lat' dir='ltr'>emendationem</span> <span class='ocrx_word' id='word_1_230' title='bbox 1594 4139 1662 4178; x_wconf 80' lang='lat' dir='ltr'>ex</span> <span class='ocrx_word' id='word_1_231' title='bbox 1704 4120 1805 4180; x_wconf 90' lang='lat' dir='ltr'>hoc</span> <span class='ocrx_word' id='word_1_232' title='bbox 1851 4121 2000 4177; x_wconf 81' lang='lat' dir='ltr'>sonte</span> <span class='ocrx_word' id='word_1_233' title='bbox 2042 4119 2206 4177; x_wconf 86' lang='lat' dir='ltr'>habet</span> <span class='ocrx_word' id='word_1_234' title='bbox 2246 4118 2535 4178; x_wconf 82' lang='lat' dir='ltr'>Piersonus</span> <span class='ocrx_word' id='word_1_235' title='bbox 2571 4119 2628 4176; x_wconf 86' lang='lat' dir='ltr'>in</span> 
     </span>
     <span class='ocr_line' id='line_1_31' title="bbox 566 4207 1608 4284; baseline -0.003 -16"><span class='ocrx_word' id='word_1_236' title='bbox 566 4211 737 4270; x_wconf 88' lang='lat' dir='ltr'>Moer.</span> <span class='ocrx_word' id='word_1_237' title='bbox 776 4229 831 4284; x_wconf 82' lang='grc' dir='ltr'>Ρ.</span> <span class='ocrx_word' id='word_1_238' title='bbox 869 4210 1011 4274; x_wconf 74' lang='grc'><strong>298.,</strong></span> <span class='ocrx_word' id='word_1_239' title='bbox 1062 4207 1202 4266; x_wconf 76' lang='lat' dir='ltr'>Vide</span> <span class='ocrx_word' id='word_1_240' title='bbox 1239 4207 1377 4282; x_wconf 85' lang='lat' dir='ltr'>apud</span> <span class='ocrx_word' id='word_1_241' title='bbox 1416 4207 1608 4281; x_wconf 82' lang='lat' dir='ltr'>ipsum.</span> 
     </span>
    </p>
   </div>
   <div class='ocr_carea' id='block_1_5' title="bbox 3291 3937 3303 4737">
    <p class='ocr_par' dir='ltr' id='par_1_11' title="bbox 3291 3937 3303 4737">
     <span class='ocr_line' id='line_1_32' title="bbox 3291 3937 3303 4737; baseline 0 0"><span class='ocrx_word' id='word_1_242' title='bbox 3291 3937 3303 4737; x_wconf 95' lang='lat' dir='ltr'> </span> 
     </span>
    </p>
   </div>
  </div>
 </body>
</html>
