3320 5169
1739 572 1779 630 4

715 784 866 848 bant
913 803 1407 867 unumquemque
1453 786 1513 844 et
1566 801 2055 864 unamquamque
2078 807 2094 859 3
2157 779 2586 845 historicorum
2638 803 2785 865 quo-

718 924 839 985 que
901 923 1079 986 opera
1141 899 1319 964 multi
1379 899 1615 963 curiose
1679 897 2073 963 evolvebant:
2139 897 2390 962 minime
2452 904 2655 963 tamen
2714 906 2784 963 ut

717 1020 1007 1086 haberent
1052 1042 1206 1104 quae
1256 1019 1322 1083 in
1365 1018 1627 1105 singulis
1681 1017 1929 1104 syllabis
1983 1016 2292 1082 voculisve
2354 1016 2528 1083 avide
2587 1039 2781 1104 repre-

709 1140 1040 1204 henderent
1087 1139 1191 1204 sed
1237 1145 1319 1203 ut·
1348 1138 1644 1203 discerent
1684 1137 1852 1223 quod
1886 1137 2133 1224 prodest
2170 1137 2236 1200 in
2271 1135 2481 1202 vitam.
2544 1137 2783 1218 Quodsi
2871 1194 2877 1200 .

710 1259 1151 1346 philosophiam
1224 1263 1457 1344 spectes
1527 1263 1760 1341 quanto
1835 1257 2109 1321 omnium
2187 1256 2396 1320 ardore
2472 1255 2779 1320 excoleba-

711 1379 847 1441 tur!
919 1400 1099 1463 quam
1166 1375 1390 1441 urbane
1451 1377 1825 1460 iuvenesque
1894 1397 2187 1459 senesque
2252 1374 2648 1461 disputabant
2715 1376 2777 1439 in

717 1505 1038 1582 utramque
1106 1497 1372 1582 partem!
1487 1495 1743 1559 Nemini
1811 1493 2162 1580 politiorum
2234 1500 2395 1558 certe
2463 1494 2779 1558 hominum

709 1637 831 1679 non
877 1616 941 1679 in
989 1637 1090 1680 ore
1135 1621 1261 1679 erat
1309 1613 1551 1702 sapiens
1600 1613 1704 1678 ille
1751 1613 2027 1677 Socrates
2045 1662 2064 1692 ,
2112 1610 2358 1677 divinus
2415 1611 2519 1676 ille
2565 1612 2740 1678 Plato
2759 1624 2780 1692 ‚'

711 1756 887 1820 quem
941 1734 992 1798 si
1059 1757 1179 1799 non
1239 1755 1446 1798 omnes
1510 1733 1737 1798 Graece
1799 1733 2070 1818 legerent
2130 1732 2206 1796 ad
2265 1732 2604 1818 exemplum
2654 1756 2776 1798 ma-

709 1853 887 1939 gistri
924 1858 1126 1917 tamen
1167 1853 1555 1918 vehementer
1593 1852 2068 1917 admirabantur.
2114 1889 2199 1901 —-
2239 1852 2562 1917 Praeteriit
2597 1875 2777 1917 aurea

707 1977 890 2039 aetas,
982 1971 1143 2036 Proh
1203 1972 1395 2036 dolor!
1457 1995 1577 2056 quo
1639 1994 1803 2036 nunc
1863 1977 2219 2057 perventum
2282 1978 2369 2036 est
2418 1971 2773 2037 dementiae.

708 2092 891 2156 Nunc
960 2092 1165 2155 omnia
1236 2091 1403 2155 olent
1475 2091 1840 2154 malesanam
1911 2090 2208 2154 criticam.
2304 2090 2433 2154 Iam
2510 2090 2572 2155 in
2645 2091 2775 2175 ipsa

706 2209 922 2274 umbra
957 2209 1242 2273 ludorum
1281 2231 1709 2294 saepenumero
1764 2210 1900 2288 uvir
1938 2208 2364 2274 doctissimus''
2407 2209 2507 2273 vix
2550 2210 2772 2274 medio-

710 2329 891 2393 criter
938 2329 1160 2393 doctus
1211 2329 1478 2394 infelices
1525 2351 1668 2394 suas
1719 2329 2015 2415 expromit
2060 2329 2602 2409 correctiuuculas;
2648 2331 2767 2395 iam

538 2434 543 2437 ’
617 2521 620 2524 .
711 2448 815 2532 qui
871 2447 1248 2512 iuventutem
1310 2449 1385 2513 ad
1444 2471 1684 2513 summa
1746 2471 2021 2533 quaeque
2081 2449 2420 2512 instituunt
2478 2471 2596 2513 non
2656 2449 2770 2514 hoc

708 2567 1005 2655 imprimis
1055 2574 1244 2654 agunt
1292 2575 1361 2632 ut
1409 2568 1844 2655 discipulorum
1906 2568 2125 2634 animis
2181 2568 2429 2655 penitus
2477 2568 2772 2635 inhaeres·

711 2695 850 2753 cant
889 2689 1154 2775 perfecta
1184 2689 1285 2752 illa
1322 2688 1560 2753 dicendi
1601 2688 2024 2772 scribendique
2061 2689 2334 2773 exempla
2364 2711 2518 2773 quae
2556 2712 2775 2775 magna

712 2808 882 2894 copia
930 2808 993 2872 in
1041 2814 1298 2892 utraque
1352 2808 1562 2893 lingua
1623 2813 1994 2874 exstant.-—
2040 2807 2166 2871 noli
2224 2814 2564 2893 exspectare
2610 2808 2774 2893 quod

712 2926 893 2990 meris
952 2926 1180 2990 criticis
1239 2925 1564 3012 indignum
1631 2932 1724 2989 est
1769 2965 1854 2975 —
1900 2925 2257 3012 longissime
2319 2926 2553 2991 diversa
2612 2927 2771 2991 enim
2797 2931 2812 2936 “

713 3052 806 3111 est
872 3046 1027 3110 ratio
1098 3045 1440 3110 studiorum
1513 3068 1694 3130 quam
1765 3056 1826 3110 et
1895 3045 2031 3111 aliis
2094 3046 2477 3133 praecipiunt
2532 3053 2593 3112 et
2658 3047 2774 3133 ipsi

715 3171 1073 3249 sequuntur.
1143 3166 1268 3246 Qui
1312 3165 1464 3229 miro
1511 3165 1727 3229 iudicii
1773 3187 1969 3230 errore
2015 3166 2080 3229 in
2125 3166 2458 3230 laetissima
2502 3167 2773 3231 omnium

715 3286 1141 3371 elegantiarum
1212 3291 1413 3371 segete
1480 3284 1774 3371 neglectis
1845 3284 2190 3349 melioribus
2256 3285 2465 3349 inanes
2535 3289 2774 3350 tantum

717 3405 915 3490 spicas
963 3405 1292 3491 colligunt,
1360 3404 1639 3469 videlicet
1703 3410 1771 3469 ut
1824 3403 2230 3489 singularibus
2277 3403 2514 3468 coronis
2561 3411 2774 3469 ornent

716 3521 920 3607 lepida
965 3545 1075 3587 sua
1124 3523 1355 3608 capita!
1427 3522 1708 3587 Laudent
1753 3521 1857 3586 alii
1906 3523 2067 3605 quod
2116 3543 2330 3586 sanum
2377 3530 2468 3587 est
2513 3530 2574 3587 et
2619 3524 2773 3589 inte·

719 3663 898 3727 grum
970 3648 1032 3706 et
1100 3642 1383 3707 omuibus
1445 3642 1713 3706 numeris
1776 3639 2116 3705 absolutum
2133 3668 2153 3721 ς
2221 3641 2473 3707 istorum
2537 3643 2775 3707 animus

721 3760 991 3846 pascitur
1026 3760 1261 3825 mendis
1307 3767 1368 3825 et
1416 3759 1791 3845 corruptelis,
1865 3758 2031 3838 Quid
2076 3759 2317 3823 tradant
2362 3766 2592 3826 veteres
2637 3783 2774 3825 auc·

720 3861 917 3945 tores*
929 3903 1142 3967 parum
1187 3880 1404 3961 refert3
1454 3878 1662 3944 callere
1707 3876 2020 3943 historiam
2064 3901 2189 3943 non
2237 3880 2556 3945 admodum
2607 3879 2773 3944 vide-

641 4005 644 4010 “
718 4005 821 4063 tur
865 3999 1302 4064 necessarium:
1353 4002 1584 4083 quanto
1632 3998 1857 4062 maiore
1903 4020 2045 4062 cura
2089 4000 2322 4064 scilicet
2367 4000 2586 4086 dignae
2632 4005 2776 4064 sunt

721 4117 1194 4204 magistellorum
1257 4118 1555 4203 ineptiae,
1629 4123 2025 4182 correctorum
2089 4118 2334 4198 levitaS,
2392 4119 2772 4185 librariorum

722 4237 1013 4303 socordia.
1084 4236 1328 4318 Quidve
1373 4234 1556 4299 simul
1596 4242 1658 4300 et
1705 4235 2032 4301 iucundius
2078 4243 2170 4301 est
2215 4243 2278 4302 et
2313 4237 2549 4303 facilius
2592 4261 2774 4324 quam
