<?xml version="1.0" encoding="UTF-8"?>
<!DOCTYPE html PUBLIC "-//W3C//DTD XHTML 1.0 Transitional//EN"
    "http://www.w3.org/TR/xhtml1/DTD/xhtml1-transitional.dtd">
<html xmlns="http://www.w3.org/1999/xhtml" xml:lang="en" lang="en">
 <head>
  <title>
</title>
<meta http-equiv="Content-Type" content="text/html;charset=utf-8" />
  <meta name='ocr-system' content='tesseract 3.04.00' />
  <meta name='ocr-capabilities' content='ocr_page ocr_carea ocr_par ocr_line ocrx_word'/>
</head>
<body>
  <div class='ocr_page' id='page_1' title='image "./studiapalaeogra00vollgoog_0017.png"; bbox 0 0 3320 5169; ppageno 0'>
   <div class='ocr_carea' id='block_1_1' title="bbox 1558 514 1593 574">
    <p class='ocr_par' dir='ltr' id='par_1_1' title="bbox 1558 514 1593 574">
     <span class='ocr_line' id='line_1_1' title="bbox 1558 514 1593 574; baseline 0 0"><span class='ocrx_word' id='word_1_1' title='bbox 1558 514 1593 574; x_wconf 79' lang='lat'>5</span> 
     </span>
    </p>
   </div>
   <div class='ocr_carea' id='block_1_2' title="bbox 543 722 2616 4263">
    <p class='ocr_par' dir='ltr' id='par_1_2' title="bbox 543 722 2608 1507">
     <span class='ocr_line' id='line_1_2' title="bbox 543 722 2598 811; baseline -0.002 -20"><span class='ocrx_word' id='word_1_2' title='bbox 543 726 853 792; x_wconf 79' lang='lat' dir='ltr'><strong>traducere</strong></span> <span class='ocrx_word' id='word_1_3' title='bbox 911 724 1347 789; x_wconf 89' lang='lat' dir='ltr'>monachorum</span> <span class='ocrx_word' id='word_1_4' title='bbox 1415 724 1833 789; x_wconf 84' lang='lat' dir='ltr'>incredibilem</span> <span class='ocrx_word' id='word_1_5' title='bbox 1893 724 2333 811; x_wconf 83' lang='lat' dir='ltr'>ignorantiam,</span> <span class='ocrx_word' id='word_1_6' title='bbox 2404 722 2598 788; x_wconf 91' lang='lat' dir='ltr'>decla-</span> 
     </span>
     <span class='ocr_line' id='line_1_3' title="bbox 549 841 2602 923; baseline -0.002 -15"><span class='ocrx_word' id='word_1_7' title='bbox 549 868 708 909; x_wconf 83' lang='lat' dir='ltr'>mare</span> <span class='ocrx_word' id='word_1_8' title='bbox 754 845 816 908; x_wconf 91' lang='lat' dir='ltr'>in</span> <span class='ocrx_word' id='word_1_9' title='bbox 867 844 1089 909; x_wconf 81' lang='lat' dir='ltr'>scribas</span> <span class='ocrx_word' id='word_1_10' title='bbox 1134 844 1574 923; x_wconf 87' lang='lat' dir='ltr'>somnolentos,</span> <span class='ocrx_word' id='word_1_11' title='bbox 1623 841 1981 908; x_wconf 86' lang='lat' dir='ltr'>debacchari</span> <span class='ocrx_word' id='word_1_12' title='bbox 2030 842 2094 906; x_wconf 92' lang='lat' dir='ltr'>in</span> <span class='ocrx_word' id='word_1_13' title='bbox 2151 842 2372 907; x_wconf 90' lang='lat' dir='ltr'>deliros</span> <span class='ocrx_word' id='word_1_14' title='bbox 2418 841 2602 905; x_wconf 89' lang='lat' dir='ltr'>Grae·</span> 
     </span>
     <span class='ocr_line' id='line_1_4' title="bbox 547 961 2604 1049; baseline -0.002 -22"><span class='ocrx_word' id='word_1_15' title='bbox 547 963 759 1028; x_wconf 79' lang='lat' dir='ltr'>culos?</span> <span class='ocrx_word' id='word_1_16' title='bbox 862 963 1035 1044; x_wconf 78' lang='lat' dir='ltr'>Quos</span> <span class='ocrx_word' id='word_1_17' title='bbox 1102 985 1294 1049; x_wconf 87' lang='lat' dir='ltr'>usque</span> <span class='ocrx_word' id='word_1_18' title='bbox 1353 963 1646 1028; x_wconf 81' lang='lat' dir='ltr'>intuendo</span> <span class='ocrx_word' id='word_1_19' title='bbox 1716 963 1899 1028; x_wconf 86' lang='lat' dir='ltr'>etiam</span> <span class='ocrx_word' id='word_1_20' title='bbox 1962 961 2186 1048; x_wconf 89' lang='lat' dir='ltr'>quibus</span> <span class='ocrx_word' id='word_1_21' title='bbox 2247 961 2439 1025; x_wconf 77' lang='lat' dir='ltr'>multa</span> <span class='ocrx_word' id='word_1_22' title='bbox 2499 981 2604 1023; x_wconf 89' lang='lat' dir='ltr'>na-</span> 
     </span>
     <span class='ocr_line' id='line_1_5' title="bbox 546 1068 2602 1169; baseline -0.001 -21"><span class='ocrx_word' id='word_1_23' title='bbox 546 1090 683 1149; x_wconf 82' lang='lat' dir='ltr'>tura</span> <span class='ocrx_word' id='word_1_24' title='bbox 742 1084 988 1169; x_wconf 86' lang='lat' dir='ltr'>negavit</span> <span class='ocrx_word' id='word_1_25' title='bbox 1047 1083 1265 1148; x_wconf 90' lang='lat' dir='ltr'>sensim</span> <span class='ocrx_word' id='word_1_26' title='bbox 1334 1068 1543 1147; x_wconf 72' lang='lat' dir='ltr'>semet‘</span> <span class='ocrx_word' id='word_1_27' title='bbox 1589 1084 1707 1169; x_wconf 89' lang='lat' dir='ltr'>ipsi</span> <span class='ocrx_word' id='word_1_28' title='bbox 1778 1083 2031 1148; x_wconf 90' lang='lat' dir='ltr'>maiores</span> <span class='ocrx_word' id='word_1_29' title='bbox 2101 1081 2229 1147; x_wconf 85' lang='lat' dir='ltr'>fleri</span> <span class='ocrx_word' id='word_1_30' title='bbox 2299 1079 2602 1145; x_wconf 87' lang='lat' dir='ltr'>videntur.</span> 
     </span>
     <span class='ocr_line' id='line_1_6' title="bbox 549 1201 2328 1282; baseline -0.001 -16"><span class='ocrx_word' id='word_1_31' title='bbox 549 1201 606 1266; x_wconf 91' lang='lat' dir='ltr'>O</span> <span class='ocrx_word' id='word_1_32' title='bbox 675 1203 1020 1267; x_wconf 84' lang='lat' dir='ltr'>studiorum</span> <span class='ocrx_word' id='word_1_33' title='bbox 1102 1201 1468 1282; x_wconf 88' lang='lat' dir='ltr'>vanitatem,</span> <span class='ocrx_word' id='word_1_34' title='bbox 1548 1226 1584 1266; x_wconf 97' lang='lat' dir='ltr'>o</span> <span class='ocrx_word' id='word_1_35' title='bbox 1651 1203 1911 1267; x_wconf 77' lang='lat' dir='ltr'>stultum</span> <span class='ocrx_word' id='word_1_36' title='bbox 1980 1201 2276 1266; x_wconf 89' lang='lat' dir='ltr'>laborem!</span> <span class='ocrx_word' id='word_1_37' title='bbox 2313 1249 2328 1265; x_wconf 93' lang='lat'><strong>.</strong></span> 
     </span>
     <span class='ocr_line' id='line_1_7' title="bbox 551 1319 2608 1408; baseline -0.001 -22"><span class='ocrx_word' id='word_1_38' title='bbox 551 1322 669 1387; x_wconf 86' lang='lat' dir='ltr'>Sed</span> <span class='ocrx_word' id='word_1_39' title='bbox 738 1323 883 1386; x_wconf 86' lang='lat' dir='ltr'>satis</span> <span class='ocrx_word' id='word_1_40' title='bbox 952 1344 1253 1408; x_wconf 88' lang='lat' dir='ltr'>superque</span> <span class='ocrx_word' id='word_1_41' title='bbox 1319 1334 1428 1386; x_wconf 90' lang='lat' dir='ltr'>est.</span> <span class='ocrx_word' id='word_1_42' title='bbox 1536 1322 1693 1387; x_wconf 90' lang='lat' dir='ltr'>Sunt</span> <span class='ocrx_word' id='word_1_43' title='bbox 1765 1322 1831 1387; x_wconf 87' lang='lat' dir='ltr'>hi</span> <span class='ocrx_word' id='word_1_44' title='bbox 1904 1323 2025 1387; x_wconf 84' lang='lat' dir='ltr'>fere</span> <span class='ocrx_word' id='word_1_45' title='bbox 2093 1320 2438 1408; x_wconf 85' lang='lat' dir='ltr'>gravissimi</span> <span class='ocrx_word' id='word_1_46' title='bbox 2507 1319 2608 1386; x_wconf 90' lang='lat' dir='ltr'>ad·</span> 
     </span>
     <span class='ocr_line' id='line_1_8' title="bbox 553 1422 1773 1507; baseline 0.002 -4"><span class='ocrx_word' id='word_1_47' title='bbox 553 1442 822 1507; x_wconf 90' lang='lat' dir='ltr'>versarii.</span> <span class='ocrx_word' id='word_1_48' title='bbox 1348 1440 1359 1451; x_wconf 79' lang='lat'><em>&#39;</em></span> <span class='ocrx_word' id='word_1_49' title='bbox 1767 1422 1773 1427; x_wconf 24' lang='lat'>³</span> 
     </span>
    </p>

    <p class='ocr_par' dir='ltr' id='par_1_3' title="bbox 543 1559 2616 4263">
     <span class='ocr_line' id='line_1_9' title="bbox 642 1559 2613 1641; baseline -0.001 -16"><span class='ocrx_word' id='word_1_50' title='bbox 642 1560 802 1641; x_wconf 77' lang='lat' dir='ltr'>Qui,</span> <span class='ocrx_word' id='word_1_51' title='bbox 875 1569 943 1625; x_wconf 89' lang='lat' dir='ltr'>ut</span> <span class='ocrx_word' id='word_1_52' title='bbox 1011 1561 1162 1625; x_wconf 90' lang='lat' dir='ltr'>mihi</span> <span class='ocrx_word' id='word_1_53' title='bbox 1236 1561 1508 1640; x_wconf 85' lang='lat' dir='ltr'>videtur,</span> <span class='ocrx_word' id='word_1_54' title='bbox 1578 1561 1741 1625; x_wconf 88' lang='lat' dir='ltr'>haud</span> <span class='ocrx_word' id='word_1_55' title='bbox 1805 1560 2186 1624; x_wconf 80' lang='lat' dir='ltr'>mediocriter</span> <span class='ocrx_word' id='word_1_56' title='bbox 2246 1566 2446 1624; x_wconf 88' lang='lat' dir='ltr'>errant</span> <span class='ocrx_word' id='word_1_57' title='bbox 2509 1559 2613 1624; x_wconf 89' lang='lat' dir='ltr'>sed</span> 
     </span>
     <span class='ocr_line' id='line_1_10' title="bbox 553 1677 2615 1764; baseline -0.002 -20"><span class='ocrx_word' id='word_1_58' title='bbox 553 1682 676 1759; x_wconf 85' lang='lat' dir='ltr'>ita,</span> <span class='ocrx_word' id='word_1_59' title='bbox 747 1682 970 1760; x_wconf 85' lang='lat' dir='ltr'>fateor,</span> <span class='ocrx_word' id='word_1_60' title='bbox 1044 1687 1115 1743; x_wconf 86' lang='lat' dir='ltr'>ut</span> <span class='ocrx_word' id='word_1_61' title='bbox 1184 1702 1389 1744; x_wconf 89' lang='lat' dir='ltr'>eorum</span> <span class='ocrx_word' id='word_1_62' title='bbox 1462 1679 1737 1764; x_wconf 90' lang='lat' dir='ltr'>quamvis</span> <span class='ocrx_word' id='word_1_63' title='bbox 1807 1700 2082 1764; x_wconf 87' lang='lat' dir='ltr'>perversa</span> <span class='ocrx_word' id='word_1_64' title='bbox 2142 1677 2350 1763; x_wconf 83' lang='lat' dir='ltr'>opinio</span> <span class='ocrx_word' id='word_1_65' title='bbox 2412 1685 2615 1741; x_wconf 86' lang='lat' dir='ltr'>tamen</span> 
     </span>
     <span class='ocr_line' id='line_1_11' title="bbox 557 1797 2613 1886; baseline -0.002 -22"><span class='ocrx_word' id='word_1_66' title='bbox 557 1799 758 1883; x_wconf 79' lang='lat' dir='ltr'>aliqua</span> <span class='ocrx_word' id='word_1_67' title='bbox 804 1822 877 1864; x_wconf 87' lang='lat' dir='ltr'>ex</span> <span class='ocrx_word' id='word_1_68' title='bbox 922 1806 1088 1886; x_wconf 88' lang='lat' dir='ltr'>parte</span> <span class='ocrx_word' id='word_1_69' title='bbox 1135 1802 1400 1866; x_wconf 87' lang='lat' dir='ltr'>excusari</span> <span class='ocrx_word' id='word_1_70' title='bbox 1449 1799 1663 1884; x_wconf 87' lang='lat' dir='ltr'>possit.</span> <span class='ocrx_word' id='word_1_71' title='bbox 1756 1797 1879 1862; x_wconf 90' lang='lat' dir='ltr'>Hic</span> <span class='ocrx_word' id='word_1_72' title='bbox 1919 1820 2163 1882; x_wconf 90' lang='lat' dir='ltr'>quoque</span> <span class='ocrx_word' id='word_1_73' title='bbox 2204 1817 2400 1861; x_wconf 91' lang='lat' dir='ltr'>errore</span> <span class='ocrx_word' id='word_1_74' title='bbox 2446 1818 2613 1860; x_wconf 91' lang='lat' dir='ltr'>com·</span> 
     </span>
     <span class='ocr_line' id='line_1_12' title="bbox 558 1917 2616 2005; baseline -0.002 -21"><span class='ocrx_word' id='word_1_75' title='bbox 558 1920 760 1999; x_wconf 88' lang='lat' dir='ltr'>muni,</span> <span class='ocrx_word' id='word_1_76' title='bbox 826 1943 946 2005; x_wconf 92' lang='lat' dir='ltr'>quo</span> <span class='ocrx_word' id='word_1_77' title='bbox 1011 1919 1187 1984; x_wconf 80' lang='lat' dir='ltr'>facile</span> <span class='ocrx_word' id='word_1_78' title='bbox 1243 1918 1496 1983; x_wconf 86' lang='lat' dir='ltr'>labimur</span> <span class='ocrx_word' id='word_1_79' title='bbox 1554 1941 1793 1997; x_wconf 88' lang='lat' dir='ltr'>omnes,</span> <span class='ocrx_word' id='word_1_80' title='bbox 1857 1919 2170 1982; x_wconf 85' lang='lat' dir='ltr'>hominum</span> <span class='ocrx_word' id='word_1_81' title='bbox 2223 1917 2369 1981; x_wconf 88' lang='lat' dir='ltr'>vitia</span> <span class='ocrx_word' id='word_1_82' title='bbox 2415 1917 2616 1981; x_wconf 82' lang='lat' dir='ltr'>confe-</span> 
     </span>
     <span class='ocr_line' id='line_1_13' title="bbox 557 2036 2613 2121; baseline -0.001 -19"><span class='ocrx_word' id='word_1_83' title='bbox 557 2044 771 2103; x_wconf 83' lang='lat' dir='ltr'>runtur</span> <span class='ocrx_word' id='word_1_84' title='bbox 815 2039 882 2103; x_wconf 92' lang='lat' dir='ltr'>in</span> <span class='ocrx_word' id='word_1_85' title='bbox 926 2046 1115 2104; x_wconf 87' lang='lat' dir='ltr'>artem</span> <span class='ocrx_word' id='word_1_86' title='bbox 1163 2040 1570 2103; x_wconf 82' lang='lat' dir='ltr'>innocentem.</span> <span class='ocrx_word' id='word_1_87' title='bbox 1640 2038 1821 2119; x_wconf 79' lang='lat' dir='ltr'>Quod</span> <span class='ocrx_word' id='word_1_88' title='bbox 1859 2046 1928 2101; x_wconf 87' lang='lat' dir='ltr'>ut</span> <span class='ocrx_word' id='word_1_89' title='bbox 1966 2036 2236 2102; x_wconf 87' lang='lat' dir='ltr'>medicae</span> <span class='ocrx_word' id='word_1_90' title='bbox 2275 2037 2390 2101; x_wconf 88' lang='lat' dir='ltr'>arti</span> <span class='ocrx_word' id='word_1_91' title='bbox 2437 2058 2613 2121; x_wconf 81' lang='lat' dir='ltr'>saepe</span> 
     </span>
     <span class='ocr_line' id='line_1_14' title="bbox 559 2156 2616 2241; baseline -0 -21"><span class='ocrx_word' id='word_1_92' title='bbox 559 2157 759 2221; x_wconf 89' lang='lat' dir='ltr'>evenit</span> <span class='ocrx_word' id='word_1_93' title='bbox 803 2158 891 2222; x_wconf 91' lang='lat' dir='ltr'>sic</span> <span class='ocrx_word' id='word_1_94' title='bbox 950 2156 1194 2223; x_wconf 79' lang='lat' dir='ltr'>criticae</span> <span class='ocrx_word' id='word_1_95' title='bbox 1241 2156 1514 2222; x_wconf 87' lang='lat' dir='ltr'>evenisse</span> <span class='ocrx_word' id='word_1_96' title='bbox 1576 2164 1714 2241; x_wconf 87' lang='lat' dir='ltr'>quis</span> <span class='ocrx_word' id='word_1_97' title='bbox 1762 2162 1855 2220; x_wconf 88' lang='lat' dir='ltr'>est</span> <span class='ocrx_word' id='word_1_98' title='bbox 1901 2156 2008 2240; x_wconf 93' lang='lat' dir='ltr'>qui</span> <span class='ocrx_word' id='word_1_99' title='bbox 2056 2156 2349 2221; x_wconf 78' lang='lat' dir='ltr'>miretur?</span> <span class='ocrx_word' id='word_1_100' title='bbox 2442 2156 2616 2237; x_wconf 78' lang='lat' dir='ltr'>Quae</span> 
     </span>
     <span class='ocr_line' id='line_1_15' title="bbox 560 2274 2616 2369; baseline 0 -30"><span class='ocrx_word' id='word_1_101' title='bbox 560 2274 804 2369; x_wconf 85' lang='lat' dir='ltr'>quidem</span> <span class='ocrx_word' id='word_1_102' title='bbox 858 2277 988 2341; x_wconf 91' lang='lat' dir='ltr'>iure</span> <span class='ocrx_word' id='word_1_103' title='bbox 1043 2298 1152 2341; x_wconf 88' lang='lat' dir='ltr'>suo</span> <span class='ocrx_word' id='word_1_104' title='bbox 1212 2276 1487 2341; x_wconf 88' lang='lat' dir='ltr'>omnium</span> <span class='ocrx_word' id='word_1_105' title='bbox 1550 2276 1935 2341; x_wconf 80' lang='lat' dir='ltr'>scientiarum</span> <span class='ocrx_word' id='word_1_106' title='bbox 1999 2275 2243 2341; x_wconf 88' lang='lat' dir='ltr'>domina</span> <span class='ocrx_word' id='word_1_107' title='bbox 2300 2283 2362 2341; x_wconf 87' lang='lat' dir='ltr'>et</span> <span class='ocrx_word' id='word_1_108' title='bbox 2407 2276 2616 2362; x_wconf 86' lang='lat' dir='ltr'>regina</span> 
     </span>
     <span class='ocr_line' id='line_1_16' title="bbox 558 2395 2613 2481; baseline -0.001 -21"><span class='ocrx_word' id='word_1_109' title='bbox 558 2395 937 2460; x_wconf 87' lang='lat' dir='ltr'>benemultos</span> <span class='ocrx_word' id='word_1_110' title='bbox 985 2419 1184 2461; x_wconf 90' lang='lat' dir='ltr'>amore</span> <span class='ocrx_word' id='word_1_111' title='bbox 1231 2397 1325 2460; x_wconf 90' lang='lat' dir='ltr'>sui</span> <span class='ocrx_word' id='word_1_112' title='bbox 1372 2395 1643 2461; x_wconf 83' lang='lat' dir='ltr'>incendit</span> <span class='ocrx_word' id='word_1_113' title='bbox 1684 2396 1957 2460; x_wconf 87' lang='lat' dir='ltr'>homines</span> <span class='ocrx_word' id='word_1_114' title='bbox 1994 2401 2364 2481; x_wconf 82' lang='lat' dir='ltr'>arrogantes,</span> <span class='ocrx_word' id='word_1_115' title='bbox 2413 2396 2613 2474; x_wconf 89' lang='lat' dir='ltr'>leves,</span> 
     </span>
     <span class='ocr_line' id='line_1_17' title="bbox 553 2512 2613 2603; baseline 0 -26"><span class='ocrx_word' id='word_1_116' title='bbox 553 2512 831 2598; x_wconf 88' lang='lat' dir='ltr'>loquaces</span> <span class='ocrx_word' id='word_1_117' title='bbox 899 2515 1127 2601; x_wconf 90' lang='lat' dir='ltr'>quique</span> <span class='ocrx_word' id='word_1_118' title='bbox 1194 2515 1422 2602; x_wconf 85' lang='lat' dir='ltr'>regiam</span> <span class='ocrx_word' id='word_1_119' title='bbox 1493 2515 1851 2603; x_wconf 86' lang='lat' dir='ltr'>dignitatem</span> <span class='ocrx_word' id='word_1_120' title='bbox 1929 2538 1997 2580; x_wconf 90' lang='lat' dir='ltr'>ac</span> <span class='ocrx_word' id='word_1_121' title='bbox 2069 2515 2441 2580; x_wconf 90' lang='lat' dir='ltr'>maiestatem</span> <span class='ocrx_word' id='word_1_122' title='bbox 2513 2537 2613 2601; x_wconf 88' lang='lat' dir='ltr'>pa·</span> 
     </span>
     <span class='ocr_line' id='line_1_18' title="bbox 554 2632 2614 2720; baseline 0 -24"><span class='ocrx_word' id='word_1_123' title='bbox 554 2656 685 2697; x_wconf 91' lang='lat' dir='ltr'>rum</span> <span class='ocrx_word' id='word_1_124' title='bbox 741 2632 1157 2700; x_wconf 85' lang='lat' dir='ltr'>vindicabant.</span> <span class='ocrx_word' id='word_1_125' title='bbox 1250 2632 1518 2699; x_wconf 89' lang='lat' dir='ltr'>Omnino</span> <span class='ocrx_word' id='word_1_126' title='bbox 1566 2657 1775 2699; x_wconf 89' lang='lat' dir='ltr'>verum</span> <span class='ocrx_word' id='word_1_127' title='bbox 1839 2640 1932 2699; x_wconf 88' lang='lat' dir='ltr'>est</span> <span class='ocrx_word' id='word_1_128' title='bbox 1977 2634 2144 2719; x_wconf 92' lang='lat' dir='ltr'>quod</span> <span class='ocrx_word' id='word_1_129' title='bbox 2189 2634 2614 2720; x_wconf 88' lang='lat' dir='ltr'>pronuntiavit</span> 
     </span>
     <span class='ocr_line' id='line_1_19' title="bbox 555 2751 2615 2835; baseline 0 -20"><span class='ocrx_word' id='word_1_130' title='bbox 555 2752 947 2816; x_wconf 72' lang='lat' dir='ltr'>Ruhnkenz’us</span> <span class='ocrx_word' id='word_1_131' title='bbox 1017 2751 1080 2816; x_wconf 92' lang='lat' dir='ltr'>in</span> <span class='ocrx_word' id='word_1_132' title='bbox 1153 2753 1361 2835; x_wconf 71' lang='lat' dir='ltr'>Eloyio</span> <span class='ocrx_word' id='word_1_133' title='bbox 1430 2754 1898 2819; x_wconf 69' lang='lat' dir='ltr'>Hemsterbusii:</span> <span class='ocrx_word' id='word_1_134' title='bbox 1979 2794 2011 2832; x_wconf 64' lang='lat' dir='ltr'>&#39;s</span> <span class='ocrx_word' id='word_1_135' title='bbox 2022 2753 2437 2819; x_wconf 81' lang='lat' dir='ltr'>excellentium</span> <span class='ocrx_word' id='word_1_136' title='bbox 2505 2752 2615 2817; x_wconf 89' lang='lat' dir='ltr'>cri-</span> 
     </span>
     <span class='ocr_line' id='line_1_20' title="bbox 555 2871 2615 2959; baseline 0 -24"><span class='ocrx_word' id='word_1_137' title='bbox 555 2872 811 2938; x_wconf 91' lang='lat' dir='ltr'>ticorum</span> <span class='ocrx_word' id='word_1_138' title='bbox 874 2894 1169 2937; x_wconf 88' lang='lat' dir='ltr'>summam</span> <span class='ocrx_word' id='word_1_139' title='bbox 1229 2874 1392 2937; x_wconf 86' lang='lat' dir='ltr'>omni</span> <span class='ocrx_word' id='word_1_140' title='bbox 1440 2879 1713 2959; x_wconf 85' lang='lat' dir='ltr'>tempore</span> <span class='ocrx_word' id='word_1_141' title='bbox 1760 2874 1949 2938; x_wconf 89' lang='lat' dir='ltr'>fuisse</span> <span class='ocrx_word' id='word_1_142' title='bbox 2009 2871 2448 2959; x_wconf 86' lang='lat' dir='ltr'>paucitatem”;</span> <span class='ocrx_word' id='word_1_143' title='bbox 2512 2872 2615 2935; x_wconf 87' lang='lat' dir='ltr'>ad-</span> 
     </span>
     <span class='ocr_line' id='line_1_21' title="bbox 552 2992 2611 3080; baseline 0 -24"><span class='ocrx_word' id='word_1_144' title='bbox 552 2992 689 3056; x_wconf 89' lang='lat' dir='ltr'>dere</span> <span class='ocrx_word' id='word_1_145' title='bbox 747 2997 985 3077; x_wconf 78' lang='lat' dir='ltr'>poterat</span> <span class='ocrx_word' id='word_1_146' title='bbox 1053 3013 1218 3056; x_wconf 91' lang='lat' dir='ltr'>more</span> <span class='ocrx_word' id='word_1_147' title='bbox 1280 3014 1390 3056; x_wconf 92' lang='lat' dir='ltr'>suo</span> <span class='ocrx_word' id='word_1_148' title='bbox 1461 2993 1526 3056; x_wconf 89' lang='lat' dir='ltr'>id</span> <span class='ocrx_word' id='word_1_149' title='bbox 1590 3001 1682 3057; x_wconf 88' lang='lat' dir='ltr'>est</span> <span class='ocrx_word' id='word_1_150' title='bbox 1752 2993 2017 3080; x_wconf 85' lang='lat' dir='ltr'>graviter</span> <span class='ocrx_word' id='word_1_151' title='bbox 2079 3016 2149 3057; x_wconf 90' lang='lat' dir='ltr'>ac</span> <span class='ocrx_word' id='word_1_152' title='bbox 2215 3015 2447 3058; x_wconf 87' lang='lat' dir='ltr'>severe:</span> <span class='ocrx_word' id='word_1_153' title='bbox 2512 2993 2611 3057; x_wconf 83' lang='lat' dir='ltr'>de·</span> 
     </span>
     <span class='ocr_line' id='line_1_22' title="bbox 543 3097 2607 3194; baseline 0 -21"><span class='ocrx_word' id='word_1_154' title='bbox 543 3097 759 3174; x_wconf 46' lang='lat' dir='ltr'>&#39;formis</span> <span class='ocrx_word' id='word_1_155' title='bbox 826 3110 1298 3174; x_wconf 86' lang='lat' dir='ltr'>crit-icastrorum</span> <span class='ocrx_word' id='word_1_156' title='bbox 1380 3111 1547 3175; x_wconf 88' lang='lat' dir='ltr'>natio</span> <span class='ocrx_word' id='word_1_157' title='bbox 1621 3134 1768 3175; x_wconf 85' lang='lat' dir='ltr'>naso</span> <span class='ocrx_word' id='word_1_158' title='bbox 1838 3110 2202 3194; x_wconf 87' lang='lat' dir='ltr'>auribusque</span> <span class='ocrx_word' id='word_1_159' title='bbox 2275 3111 2607 3175; x_wconf 85' lang='lat' dir='ltr'>carentium</span> 
     </span>
     <span class='ocr_line' id='line_1_23' title="bbox 555 3228 2609 3315; baseline 0 -22"><span class='ocrx_word' id='word_1_160' title='bbox 555 3229 772 3294; x_wconf 89' lang='lat' dir='ltr'>mirum</span> <span class='ocrx_word' id='word_1_161' title='bbox 821 3251 1006 3314; x_wconf 87' lang='lat' dir='ltr'>quam</span> <span class='ocrx_word' id='word_1_162' title='bbox 1061 3251 1293 3315; x_wconf 88' lang='lat' dir='ltr'>semper</span> <span class='ocrx_word' id='word_1_163' title='bbox 1352 3228 1559 3293; x_wconf 90' lang='lat' dir='ltr'>floruit</span> <span class='ocrx_word' id='word_1_164' title='bbox 1615 3239 1676 3293; x_wconf 90' lang='lat' dir='ltr'>et</span> <span class='ocrx_word' id='word_1_165' title='bbox 1735 3230 2082 3293; x_wconf 85' lang='lat' dir='ltr'>etiamnunc</span> <span class='ocrx_word' id='word_1_166' title='bbox 2141 3230 2332 3293; x_wconf 87' lang='lat' dir='ltr'>floret.</span> <span class='ocrx_word' id='word_1_167' title='bbox 2424 3230 2609 3311; x_wconf 85' lang='lat' dir='ltr'>Cogi·</span> 
     </span>
     <span class='ocr_line' id='line_1_24' title="bbox 553 3346 2608 3431; baseline 0 -21"><span class='ocrx_word' id='word_1_168' title='bbox 553 3347 707 3411; x_wconf 87' lang='lat' dir='ltr'>tanti</span> <span class='ocrx_word' id='word_1_169' title='bbox 766 3370 908 3412; x_wconf 89' lang='lat' dir='ltr'>vero</span> <span class='ocrx_word' id='word_1_170' title='bbox 972 3347 1124 3411; x_wconf 91' lang='lat' dir='ltr'>mihi</span> <span class='ocrx_word' id='word_1_171' title='bbox 1194 3347 1342 3431; x_wconf 90' lang='lat' dir='ltr'>quid</span> <span class='ocrx_word' id='word_1_172' title='bbox 1409 3347 1654 3412; x_wconf 87' lang='lat' dir='ltr'>tandem</span> <span class='ocrx_word' id='word_1_173' title='bbox 1724 3348 1804 3411; x_wconf 91' lang='lat' dir='ltr'>sit</span> <span class='ocrx_word' id='word_1_174' title='bbox 1871 3370 1977 3411; x_wconf 89' lang='lat' dir='ltr'>cur</span> <span class='ocrx_word' id='word_1_175' title='bbox 2021 3349 2158 3411; x_wconf 72' lang='lat' dir='ltr'>&#39;non</span> <span class='ocrx_word' id='word_1_176' title='bbox 2189 3346 2451 3425; x_wconf 74' lang='lat' dir='ltr'>¹indocti</span> <span class='ocrx_word' id='word_1_177' title='bbox 2511 3347 2608 3412; x_wconf 89' lang='lat' dir='ltr'>vel</span> 
     </span>
     <span class='ocr_line' id='line_1_25' title="bbox 553 3465 2611 3546; baseline 0.001 -17"><span class='ocrx_word' id='word_1_178' title='bbox 553 3466 870 3531; x_wconf 83' lang='lat' dir='ltr'>semidocti</span> <span class='ocrx_word' id='word_1_179' title='bbox 935 3472 1173 3531; x_wconf 89' lang='lat' dir='ltr'>tantum</span> <span class='ocrx_word' id='word_1_180' title='bbox 1233 3467 1339 3530; x_wconf 90' lang='lat' dir='ltr'>sed</span> <span class='ocrx_word' id='word_1_181' title='bbox 1403 3466 1587 3531; x_wconf 88' lang='lat' dir='ltr'>etiam</span> <span class='ocrx_word' id='word_1_182' title='bbox 1651 3466 1785 3546; x_wconf 89' lang='lat' dir='ltr'>alii,</span> <span class='ocrx_word' id='word_1_183' title='bbox 1848 3465 2013 3530; x_wconf 90' lang='lat' dir='ltr'>acuti</span> <span class='ocrx_word' id='word_1_184' title='bbox 2071 3488 2210 3530; x_wconf 90' lang='lat' dir='ltr'>sane</span> <span class='ocrx_word' id='word_1_185' title='bbox 2270 3470 2332 3530; x_wconf 90' lang='lat' dir='ltr'>et</span> <span class='ocrx_word' id='word_1_186' title='bbox 2388 3466 2611 3532; x_wconf 88' lang='lat' dir='ltr'>eruditi</span> 
     </span>
     <span class='ocr_line' id='line_1_26' title="bbox 551 3584 2612 3680; baseline -0 -31"><span class='ocrx_word' id='word_1_187' title='bbox 551 3585 856 3663; x_wconf 89' lang='lat' dir='ltr'>homines,</span> <span class='ocrx_word' id='word_1_188' title='bbox 928 3585 1179 3650; x_wconf 89' lang='lat' dir='ltr'>simulac</span> <span class='ocrx_word' id='word_1_189' title='bbox 1240 3586 1512 3680; x_wconf 78' lang='lat' dir='ltr'>criticam</span> <span class='ocrx_word' id='word_1_190' title='bbox 1574 3592 1886 3649; x_wconf 86' lang='lat' dir='ltr'>exerceant</span> <span class='ocrx_word' id='word_1_191' title='bbox 1933 3586 2138 3649; x_wconf 83' lang='lat' dir='ltr'>statim</span> <span class='ocrx_word' id='word_1_192' title='bbox 2189 3584 2358 3669; x_wconf 90' lang='lat' dir='ltr'>quasi</span> <span class='ocrx_word' id='word_1_193' title='bbox 2416 3585 2612 3649; x_wconf 88' lang='lat' dir='ltr'>hallu-</span> 
     </span>
     <span class='ocr_line' id='line_1_27' title="bbox 554 3702 2614 3789; baseline 0 -23"><span class='ocrx_word' id='word_1_194' title='bbox 554 3702 835 3767; x_wconf 82' lang='lat' dir='ltr'>cinentur</span> <span class='ocrx_word' id='word_1_195' title='bbox 871 3711 932 3766; x_wconf 88' lang='lat' dir='ltr'>et</span> <span class='ocrx_word' id='word_1_196' title='bbox 978 3704 1135 3768; x_wconf 90' lang='lat' dir='ltr'>nihil</span> <span class='ocrx_word' id='word_1_197' title='bbox 1184 3703 1417 3782; x_wconf 85' lang='lat' dir='ltr'>dicant,</span> <span class='ocrx_word' id='word_1_198' title='bbox 1467 3704 1582 3768; x_wconf 85' lang='lat' dir='ltr'>hoc</span> <span class='ocrx_word' id='word_1_199' title='bbox 1626 3704 2010 3789; x_wconf 86' lang='lat' dir='ltr'>potissimum</span> <span class='ocrx_word' id='word_1_200' title='bbox 2052 3703 2291 3767; x_wconf 88' lang='lat' dir='ltr'>videtur</span> <span class='ocrx_word' id='word_1_201' title='bbox 2327 3705 2394 3767; x_wconf 93' lang='lat' dir='ltr'>in</span> <span class='ocrx_word' id='word_1_202' title='bbox 2431 3726 2614 3767; x_wconf 84' lang='lat' dir='ltr'>causa</span> 
     </span>
     <span class='ocr_line' id='line_1_28' title="bbox 552 3821 2609 3908; baseline -0.001 -22"><span class='ocrx_word' id='word_1_203' title='bbox 552 3845 679 3887; x_wconf 88' lang='lat' dir='ltr'>esse</span> <span class='ocrx_word' id='word_1_204' title='bbox 728 3823 891 3907; x_wconf 93' lang='lat' dir='ltr'>quod</span> <span class='ocrx_word' id='word_1_205' title='bbox 938 3823 1120 3908; x_wconf 81' lang='lat' dir='ltr'>vulgo</span> <span class='ocrx_word' id='word_1_206' title='bbox 1167 3846 1302 3888; x_wconf 88' lang='lat' dir='ltr'>cum</span> <span class='ocrx_word' id='word_1_207' title='bbox 1362 3823 1709 3888; x_wconf 86' lang='lat' dir='ltr'>necessariis</span> <span class='ocrx_word' id='word_1_208' title='bbox 1770 3822 1954 3886; x_wconf 86' lang='lat' dir='ltr'>huius</span> <span class='ocrx_word' id='word_1_209' title='bbox 2012 3821 2362 3907; x_wconf 87' lang='lat' dir='ltr'>disciplinae</span> <span class='ocrx_word' id='word_1_210' title='bbox 2423 3821 2609 3884; x_wconf 87' lang='lat' dir='ltr'>admi-</span> 
     </span>
     <span class='ocr_line' id='line_1_29' title="bbox 552 3937 2608 4027; baseline -0.002 -21"><span class='ocrx_word' id='word_1_211' title='bbox 552 3942 771 4006; x_wconf 89' lang='lat' dir='ltr'>niculis</span> <span class='ocrx_word' id='word_1_212' title='bbox 830 3947 964 4005; x_wconf 84' lang='lat' dir='ltr'>tum</span> <span class='ocrx_word' id='word_1_213' title='bbox 1026 3941 1212 4005; x_wconf 89' lang='lat' dir='ltr'>animi</span> <span class='ocrx_word' id='word_1_214' title='bbox 1259 3941 1553 4006; x_wconf 88' lang='lat' dir='ltr'>modestia</span> <span class='ocrx_word' id='word_1_215' title='bbox 1610 3942 1785 4027; x_wconf 87' lang='lat' dir='ltr'>plane</span> <span class='ocrx_word' id='word_1_216' title='bbox 1837 3940 2113 4005; x_wconf 85' lang='lat' dir='ltr'>destituti</span> <span class='ocrx_word' id='word_1_217' title='bbox 2174 3939 2454 4004; x_wconf 85' lang='lat' dir='ltr'>audacter</span> <span class='ocrx_word' id='word_1_218' title='bbox 2506 3937 2608 4001; x_wconf 86' lang='lat' dir='ltr'>ha·</span> 
     </span>
     <span class='ocr_line' id='line_1_30' title="bbox 552 4059 2608 4147; baseline 0 -26"><span class='ocrx_word' id='word_1_219' title='bbox 552 4060 822 4124; x_wconf 88' lang='lat' dir='ltr'>riolando</span> <span class='ocrx_word' id='word_1_220' title='bbox 872 4060 1072 4123; x_wconf 88' lang='lat' dir='ltr'>omnia</span> <span class='ocrx_word' id='word_1_221' title='bbox 1119 4066 1432 4143; x_wconf 86' lang='lat' dir='ltr'>utcunque</span> <span class='ocrx_word' id='word_1_222' title='bbox 1501 4062 1782 4147; x_wconf 88' lang='lat' dir='ltr'>expedire</span> <span class='ocrx_word' id='word_1_223' title='bbox 1844 4060 2091 4138; x_wconf 87' lang='lat' dir='ltr'>volunt,</span> <span class='ocrx_word' id='word_1_224' title='bbox 2158 4059 2282 4121; x_wconf 91' lang='lat' dir='ltr'>imo</span> <span class='ocrx_word' id='word_1_225' title='bbox 2332 4080 2470 4121; x_wconf 90' lang='lat' dir='ltr'>vero</span> <span class='ocrx_word' id='word_1_226' title='bbox 2531 4081 2608 4122; x_wconf 89' lang='lat' dir='ltr'>ne</span> 
     </span>
     <span class='ocr_line' id='line_1_31' title="bbox 551 4177 2608 4263; baseline 0.002 -24"><span class='ocrx_word' id='word_1_227' title='bbox 551 4198 621 4239; x_wconf 90' lang='lat' dir='ltr'>ea</span> <span class='ocrx_word' id='word_1_228' title='bbox 679 4177 921 4261; x_wconf 87' lang='lat' dir='ltr'>quidem</span> <span class='ocrx_word' id='word_1_229' title='bbox 990 4180 1218 4243; x_wconf 87' lang='lat' dir='ltr'>intacta</span> <span class='ocrx_word' id='word_1_230' title='bbox 1278 4179 1628 4263; x_wconf 84' lang='lat' dir='ltr'>relinquunt</span> <span class='ocrx_word' id='word_1_231' title='bbox 1688 4201 1870 4263; x_wconf 87' lang='lat' dir='ltr'>quae,</span> <span class='ocrx_word' id='word_1_232' title='bbox 1935 4201 2070 4243; x_wconf 87' lang='lat' dir='ltr'>cum</span> <span class='ocrx_word' id='word_1_233' title='bbox 2133 4184 2344 4263; x_wconf 87' lang='lat' dir='ltr'>suapte</span> <span class='ocrx_word' id='word_1_234' title='bbox 2389 4185 2608 4243; x_wconf 87' lang='lat' dir='ltr'>natura</span> 
     </span>
    </p>
   </div>
  </div>
 </body>
</html>
