3320 5169
1701 527 1780 589 10

702 745 937 805 attento
1000 740 1212 804 lectori
1277 739 1353 804 ad
1420 739 1575 804 clare
1643 739 2085 828 dispiciendum
2152 744 2304 827 quid
2370 745 2436 808 in
2509 740 2764 809 vetustis

703 858 1066 924 membranis
1133 858 1415 939 ἀκέραιον
1486 859 1825 945 profectum
1893 861 1976 925 sit
2037 860 2112 926 ab
2172 860 2321 948 ipsis
2384 862 2642 928 Ionibus
2703 869 2765 928 et

705 977 969 1057 Atticis,
1017 977 1167 1064 quid
1213 985 1511 1043 corrector
1556 978 1765 1043 multis
1821 987 1961 1066 post
2009 980 2265 1046 saeculis
2310 1004 2422 1046 suo
2467 982 2763 1049 arbitratu

701 1097 1044 1162 mutaverit.
1106 1097 1380 1162 Tertium
1427 1097 1689 1183 denique
1735 1106 1826 1162 est
1867 1099 2114 1165 foedum
2154 1102 2529 1187 corruptelae
2574 1125 2764 1189 genus

702 1214 866 1299 quod
921 1238 956 1279 a
1014 1216 1226 1302 paucis
1288 1216 1623 1280 editoribus
1686 1216 2169 1283 animadversum
2231 1219 2306 1283 ad
2366 1220 2528 1284 hunc
2575 1242 2765 1306 usque

702 1334 866 1399 diem
906 1334 1488 1420 praestantissimum
1530 1356 1831 1421 quemque
1871 1335 2222 1423 scriptorem
2260 1337 2574 1405 deformat.
2639 1339 2765 1407 Soi-

700 1454 848 1520 licet
891 1478 924 1519 e
971 1455 1252 1519 codicum
1312 1454 1687 1540 marginibus
1748 1456 1813 1519 in
1868 1462 2108 1521 textum
2152 1458 2523 1543 irrepserunt
2568 1458 2765 1523 variae

700 1575 998 1639 lectorum
1045 1575 1480 1661 explicationes
1526 1580 1587 1638 et
1624 1574 2072 1640 observationes
2112 1599 2262 1661 quas
2312 1577 2539 1661 ubique
2585 1577 2764 1642 ascri·

701 1692 840 1758 bere
887 1694 983 1757 vel
1013 1679 1456 1779 suprascribere
1501 1693 1791 1758 solebant.
1886 1694 2028 1775 Quo
2071 1694 2137 1759 in
2185 1719 2404 1781 genere
2451 1696 2567 1760 etsi
2601 1696 2766 1760 haud

701 1835 833 1878 raro
880 1813 1200 1878 meliorum
1246 1813 1541 1878 librorum
1589 1812 1838 1877 collatio
1898 1814 2097 1878 doctis
2141 1815 2524 1900 indoctisque
2569 1822 2765 1881 osten-

699 1930 793 1995 dit
860 1930 1010 2017 quid
1075 1931 1225 2003 male
1294 1931 1575 1996 alicunde
1644 1932 1856 2017 pedem
1930 1933 2234 2014 intulerit,
2305 1934 2495 1998 multa
2563 1942 2765 1999 tamen

700 2057 846 2114 sunt
892 2051 1119 2115 scholia
1164 2057 1227 2116 et
1274 2050 1626 2116 emblemata
1673 2051 1953 2116 omnibus
1998 2051 2166 2116 libris
2210 2051 2400 2133 MSS,
2451 2053 2558 2138 qui
2607 2058 2765 2117 aeta·

702 2176 826 2233 tem
888 2171 1199 2250 tulerunt,
1262 2169 1643 2253 antiquiora,
1710 2192 1861 2254 quae
1926 2171 2105 2235 certis
2150 2171 2395 2236 indiciis
2442 2171 2766 2257 deprehen·

702 2287 841 2352 dere
910 2312 979 2353 ac
1047 2289 1229 2353 semel
1298 2288 1670 2375 deprehensa
1736 2289 1930 2374 ipsius
2005 2290 2321 2376 scriptoris
2400 2291 2767 2356 auctoritate

703 2407 992 2472 audacter
1035 2430 1378 2494 expungere
1424 2430 1644 2472 munus
1708 2415 1800 2472 est
1860 2408 2158 2495 ingeniosi
2223 2410 2442 2475 critici.
2537 2413 2623 2475 At
2668 2432 2763 2498 res

702 2532 795 2593 est
838 2526 1067 2594 lubrica
1113 2534 1173 2594 et
1230 2526 1412 2592 multi
1473 2526 1688 2593 iudicii
1701 2553 1718 2606 ;
1782 2527 2065 2615 quocirca
2116 2529 2452 2596 cavendum
2506 2554 2582 2597 ne
2629 2530 2762 2596 illo-

704 2649 784 2713 tis
829 2648 1111 2714 manibus
1158 2648 1306 2712 haec
1353 2670 1519 2712 sacra
1565 2654 1973 2713 attrectemus,

794 2769 1030 2833 Horum
1089 2791 1158 2833 ac
1215 2768 1502 2833 similium
1550 2768 1843 2832 vitiorum
1904 2767 2204 2853 permulta
2264 2770 2385 2832 iam
2432 2777 2596 2834 certa
2642 2793 2762 2834 me-

704 2887 840 2952 dela
878 2887 1114 2951 sublata
1151 2909 1278 2951 esse
1325 2886 1485 2951 inter
1529 2909 1735 2951 omnes
1772 2886 1986 2950 harum
2025 2909 2219 2951 rerum
2259 2887 2490 2952 iudices
2528 2888 2763 2973 liquido

705 3013 944 3070 constat
958 3033 976 3084 3
1026 3006 1145 3070 alia
1191 3014 1392 3070 autem
1439 3006 1701 3090 plurima
1746 3027 2003 3089 quorum
2052 3010 2112 3068 et
2161 3006 2466 3070 faciliset
2517 3006 2765 3070 evidens
2835 3064 2845 3071 .

704 3131 859 3189 esset
898 3124 1274 3204 emendati0‚
1323 3123 1389 3187 in
1434 3122 1755 3187 tritissimo
1803 3124 2145 3187 studiorum
2208 3147 2427 3209 genere
2489 3124 2565 3188 ad
2612 3125 2766 3189 hanc

704 3249 961 3308 aetatem
1022 3243 1184 3308 viros
1235 3242 1444 3307 doctos
1507 3241 1693 3306 latere
1761 3242 2066 3328 potuisse,
2129 3242 2243 3306 etsi
2298 3250 2444 3307 sunt
2497 3243 2604 3327 qui
2666 3265 2766 3306 ne-

705 3370 886 3448 gent,
966 3385 1077 3448 ego
1161 3368 1363 3426 tamen
1435 3383 1545 3446 pro
1625 3368 1789 3425 certo
1870 3361 2162 3424 affirmare
2243 3361 2449 3425 nullus
2533 3361 2765 3426 dubito·

705 3482 787 3546 Et
843 3504 988 3546 sane
1059 3503 1222 3559 anon
1297 3480 1500 3544 omnia
1580 3501 1902 3565 possumus
1971 3477 2218 3542 omnes'’
2275 3486 2353 3542 ut
2414 3480 2575 3566 apud
2634 3503 2769 3566 poe·

707 3606 833 3665 tam
893 3607 984 3664 est
1047 3599 1151 3663 sed
1210 3598 1551 3662 inventuris
1620 3621 1745 3662 non
1821 3596 2064 3661 obstant
2132 3598 2398 3662 inventa.
2488 3598 2768 3663 Concedo

707 3726 1050 3806 temporum
1099 3717 1536 3800 hominumque
1582 3716 1808 3780 iniuria
1851 3722 1972 3779 tam
2019 3716 2222 3780 densis
2267 3717 2533 3782 tenebris
2578 3719 2770 3803 premi

708 3837 995 3902 nonnulla
1073 3843 1142 3900 ut
1225 3857 1461 3920 semper
1538 3835 1709 3899 irrita
1790 3834 1869 3898 sit
1944 3834 2146 3899 futura
2224 3837 2347 3901 veri
2423 3837 2770 3902 inveniendi

710 3978 881 4043 spes:

948 4108 1148 4184 Neque
1190 4112 1273 4165 est
1312 4106 1373 4164 in
1414 4105 1630 4164 medico
1674 4125 1884 4183 semper
1924 4106 2194 4164 relevetur
2235 4112 2299 4164 ut
2340 4127 2499 4182 aeger

951 4208 1244 4267 Interdum
1285 4208 1449 4266 <locta
1488 4207 1616 4285 plus
1656 4208 1804 4267 valet
1843 4213 1959 4267 arte
1998 4209 2225 4267 malum.
