3320 5169
1697 500 1778 561 22

809 711 911 778 Ad
957 710 1176 797 Odyss
1224 710 1308 777 N.
1357 732 1414 776 ν.
1464 714 1589 776 215

859 883 1034 968 (ἀλλ’
1065 880 1191 961 ἄγε
1239 881 1309 959 δη
1358 883 1443 948 τά
1490 883 1777 964 χρήματ’
1807 883 2121 963 ἀριθμήσω
2170 883 2275 947 καὶ
2326 880 2584 962 ἴδωμαι,

854 1004 942 1083 μή
990 1002 1056 1068 τί
1098 1028 1201 1083 μοι
1248 1003 1528 1086 οἴχονται
1577 1004 1786 1079 κοίλης
1836 1002 1936 1068 ἐπὶ
1987 1004 2121 1078 νηὸς
2168 1003 2459 1090 ἄγοντες)

806 1185 1172 1251 Scholiastes
1219 1191 1501 1254 annotat:
1549 1187 1649 1253 ἵνα
1695 1188 1807 1261 την
1853 1188 2104 1266 γνώμην
2154 1189 2357 1253 αὐτῶν
2397 1187 2760 1272 καταμάθη.

714 1309 767 1380 ,εἶ
826 1305 951 1388 γὰρ
1000 1307 1188 1386 μηδὲν
1242 1305 1476 1372 ἔλιπε
1527 1313 1644 1372 τῶν
1703 1307 2086 1389 χρημάτων,
2150 1309 2375 1388 ψευδὲς
2429 1304 2495 1382 ἦν
2553 1308 2623 1373 τὸ
2678 1312 2762 1382 εἷς

715 1427 1055 1508 ἀλλοτρίαν
1101 1435 1219 1506 γῆν
1265 1430 1453 1493 αὐτὸν
1506 1432 1812 1511 ἀφῖχθαι.
1911 1429 2246 1495 Verborum
2294 1430 2592 1495 sententia
2638 1437 2762 1496 est:

713 1549 765 1613 si
812 1548 975 1612 enim
1019 1548 1176 1612 nihil
1222 1550 1477 1615 deesset.
1509 1598 1567 1616 ..
1599 1600 1612 1616 .
1648 1600 1663 1616 .
1692 1557 1805 1615 etc.
1870 1550 1975 1614 sed
2035 1571 2158 1614 non
2214 1550 2369 1615 hanc
2415 1551 2537 1615 vim
2583 1550 2767 1616 habet

710 1668 969 1754 simplex
1012 1667 1369 1733 λείπειν.

799 1786 947 1853 Non
995 1796 1390 1875 opponuntur
1434 1789 1594 1855 inter
1638 1813 1702 1854 se
1748 1789 2073 1855 λείπειν
2122 1797 2183 1854 et
2229 1798 2612 1871 παρεῖναι
2662 1793 2767 1857 sed

708 1906 1148 1973 ἐλλείπειν.
1244 1907 1409 1996 Lege
1469 1909 1659 1995 igitur
1708 1911 1757 1974 εἰ
1822 1910 2013 1989 μηδὲν
2063 1908 2377 1974 ἐνέλιπεν.
2471 1909 2767 1997 Exempla

708 2026 876 2091 verbi
924 2026 1238 2093 ἐλλείπειν
1287 2034 1429 2092 sunt
1476 2029 1640 2115 apud
1695 2029 2025 2113 quemlibet
2068 2030 2454 2116 scriptorem,
2504 2030 2768 2115 plurima

707 2146 870 2232 apud
933 2147 1272 2214 Platonem.
1367 2149 1553 2213 Recte
1614 2149 1775 2235 apud
1836 2149 2153 2235 Polybium
2208 2149 2272 2214 in
2324 2149 2596 2216 oratione
2641 2149 2766 2214 Sci-

709 2264 1115 2350 pionis,(XI‚
1167 2269 1282 2347 28,
1331 2270 1372 2332 4
1420 2267 1587 2332 Edit.
1636 2269 1919 2352 Stereot.)
1970 2268 2181 2332 Ἀλλά
2235 2271 2413 2337 τοῦτο
2453 2268 2597 2345 ἐμὸν
2650 2271 2764 2347 μὲν

712 2386 820 2448 οὐκ
875 2379 941 2458 ἦν
987 2383 1312 2464 ἔγκλημα·
1371 2388 1539 2450 κατὰ
1595 2387 1721 2468 γὰρ
1776 2388 1886 2462 την
1942 2390 2093 2466 ἐμὴν
2145 2390 2349 2470 ἀρχὴν
2402 2389 2569 2455 οὐδὲν
2622 2391 2765 2467 ὑμῖν

717 2503 1042 2568 ἐνέλιπε
1082 2511 1200 2570 τῶν
1246 2507 1536 2588 ὀψωνίων.
1603 2508 1788 2595 Apud
1839 2508 2093 2573 eundem
2133 2508 2226 2590 X,
2281 2511 2395 2589 18,
2447 2512 2483 2572 8
2534 2507 2764 2573 editur:

716 2627 1048 2704 συμπαθής
1103 2626 1431 2706 γενόμενος
1489 2629 1662 2711 ἤρετο
1716 2628 1780 2693 τί
1830 2628 2107 2695 λείπει
2176 2632 2425 2701 αὐταῖς.
2522 2632 2771 2716 Repone

720 2747 1095 2813 ἐλλείπει
1162 2756 1231 2813 ut
1289 2749 1487 2836 paullo
1533 2750 1690 2814 infra
1736 2750 2021 2836 legimus:
2072 2751 2301 2829 θαρρεῖν
2351 2749 2596 2814 ἐκέλευε
2651 2749 2768 2821 τοὶς

718 2876 1053 2947 γυναῖκας·
1088 2870 1273 2941 αὐτὸς
1307 2870 1431 2952 γὰρ
1467 2870 1701 2951 ἑτέρους
1750 2870 2103 2945 ἐπιστήσειν
2151 2870 2291 2942 τοὺς
2327 2875 2768 2951 φροντιοῦντας

719 2986 820 3053 ἵνα
872 2988 1060 3068 μηδὲν
1111 2991 1338 3062 αὐταῖς
1394 2991 1741 3072 ἐλλείπῃ
1788 2996 1903 3054 τῶν
1959 2990 2335 3066 ἐπιτηδείων.
2415 2988 2668 3055 Varium
2713 2997 2774 3055 et

715 3110 1003 3176 mutabile
1049 3134 1279 3198 semper
1323 3112 1557 3177 Editor.

810 3232 883 3297 In
947 3232 1171 3297 Athen.
1232 3232 1369 3297 Lib.
1417 3232 1548 3312 IX,
1609 3256 1670 3319 p.
1719 3234 1847 3296 400
1909 3232 1966 3297 d.
2033 3233 2319 3318 legimuS‚
2382 3252 2519 3295 cum
2574 3233 2638 3296 in
2684 3232 2773 3295 in-

723 3352 851 3417 sula
897 3352 1258 3439 Astypalaea
1302 3352 1516 3437 ingens
1567 3352 1892 3437 aliquando
1951 3357 2105 3415 esset
2163 3351 2436 3437 leporum
2484 3351 2655 3437 copia
2700 3351 2776 3415 ad

724 3473 966 3537 oracula
995 3470 1486 3556 confugientibus
1514 3470 2083 3557 Astypalaeensibus
2112 3470 2220 3543 την
2260 3470 2492 3534 Πυθίαν
2525 3472 2773 3534 εἰπεῖν

726 3590 913 3662 κύνας
969 3588 1221 3671 τρέφειν
1269 3590 1373 3655 καὶ
1428 3600 1812 3668 κυνηγετεῖν.
1910 3591 2102 3676 Atqui
2147 3614 2268 3655 non
2316 3592 2470 3656 solet
2516 3594 2773 3657 εἰπεῖν

728 3714 760 3786 ή
812 3710 1050 3786 Πυθία,
1115 3710 1279 3796 quod
1344 3710 1613 3775 cuiusvis
1678 3718 1801 3789 est,
1867 3712 1971 3776 sed
2035 3713 2323 3777 ἀνειπεῖν
2388 3720 2448 3777 et
2494 3714 2771 3778 ἀνελεῖν.

725 3832 968 3897 Adhibe
1013 3832 1204 3919 igitur
1249 3831 1608 3896 medicinam
1656 3855 1777 3918 qua
1823 3854 1974 3918 opus
2021 3838 2133 3896 est.

818 3953 1010 4039 Apud
1077 3952 1335 4017 eundem
1402 3951 1538 4018 Lib.
1604 3951 1804 4033 XIII,
1879 3976 1937 4038 p.
2002 3955 2124 4015 592
2191 3953 2373 4016 e.i11
2441 3953 2778 4037 fragmento

733 4071 1021 4137 orationis
1065 4070 1353 4156 Lysiacae
1394 4094 1565 4135 κατα
1596 4070 1866 4144 Λαίδος,
1920 4073 1969 4135 εἷ
2018 4070 2266 4149 γνήσιος
2317 4070 2342 4133 ὂ
2398 4069 2609 4149 λόγος,
2655 4069 2779 4134 edi-

735 4199 868 4256 tur:
936 4190 1175 4272 Φιλύρα
1224 4192 1302 4268 γέ
1351 4215 1439 4256 τοι
1502 4189 1830 4256 ἐπαύσατο
1882 4190 2283 4272 πορνευομένη
2336 4191 2465 4254 καὶ
2520 4189 2608 4253 ἔτι
2671 4190 2778 4255 νέα
