3320 5169
1508 523 1589 584 53

530 733 827 799 attulisse.
918 734 1037 798 Res
1102 739 1193 798 est
1247 734 1553 800 facillima.
1641 736 1721 800 In
1775 736 2012 802 schedis
2057 737 2586 805 Valckenaerianis

531 855 678 919 haec
723 859 814 919 est
855 853 1053 918 brevis
1100 855 1632 920 annotatiunculae

844 1019 878 1096 ἢ
928 1026 1146 1094 κλῆσιν
1193 1017 1267 1086 L.
1315 1021 1659 1097 κήλησιν
1710 1021 1817 1087 Ar.
1864 1020 2076 1088 Nubb.
2125 1022 2275 1088 875.

624 1206 944 1270 Summum
989 1203 1189 1268 virum
1235 1225 1361 1268 rem
1401 1225 1513 1268 acu
1559 1201 1836 1288 tetigisse
1879 1201 2156 1268 arbitror.
2224 1201 2391 1268 Nam
2436 1203 2589 1269 illud

537 1326 736 1410 ipsum
761 1323 1122 1389 vocabulum
1162 1324 1420 1398 κήλησις
1457 1328 1518 1387 et
1556 1322 1795 1408 saepius
1829 1322 2056 1406 legitur
2090 1343 2233 1387 cum
2270 1321 2586 1403 χαύνωσις

536 1449 597 1508 et
666 1443 804 1509 aliis
870 1443 1122 1508 vocibus
1191 1443 1459 1508 eiusdem
1532 1442 1993 1528 significationis
2063 1442 2463 1509 coniunctum
2531 1448 2594 1510 et

537 1563 920 1651 perapposite
977 1564 1077 1628 hic
1139 1563 1400 1628 additur.
1489 1561 1633 1627 Uno
1688 1567 1930 1627 tantum
1976 1564 2249 1650 exemplo
2294 1564 2593 1653 defungar

537 1682 644 1748 sed
702 1682 950 1768 insigni.
1042 1681 1118 1747 In
1178 1681 1457 1747 Platonis
1522 1681 1908 1775 Euthydemo
1968 1680 2404 1747 urbanissimae
2462 1683 2597 1749 irri-

540 1801 729 1866 sionis
807 1801 1005 1887 lepore
1084 1802 1328 1888 perfuso
1406 1800 1647 1886 dialogo
1717 1806 1777 1865 et
1847 1801 2020 1885 quasi
2093 1801 2158 1864 in
2227 1801 2595 1868 recentiores

539 1921 838 2007 sophistas
885 1920 1112 2006 scripto
1159 1943 1294 2006 pag.
1345 1922 1472 1983 289
1518 1919 1592 1985 Ε.
1664 1919 1940 1984 Socrates
1987 1919 2203 1984 acriter
2246 1920 2404 2007 petit
2446 1921 2589 1993 τοὺς

540 2041 934 2120 λογοποιοὺς,
984 2062 1208 2105 vanum
1254 2040 1567 2105 rhetorum
1619 2061 1811 2126 genus
1872 2038 2038 2123 quod
2098 2039 2337 2104 cunctis
2395 2039 2593 2127 philo·

541 2159 748 2245 sophis
794 2165 856 2224 et
898 2158 1167 2246 politicis
1204 2165 1504 2245 praestare
1542 2158 1657 2224 sibi
1693 2157 2033 2238 videbatur,
2081 2158 2357 2244 utrisque
2389 2166 2595 2225 tamen

539 2284 668 2344 erat
711 2277 984 2343 inferius·
1078 2277 1417 2343 Audiamus
1470 2258 1691 2364 ipsum.
1761 2277 1907 2357 'suxi
1950 2276 2077 2358 γάρ
2118 2302 2221 2355 μοι
2267 2278 2328 2345 οἵ
2363 2303 2434 2343 τε
2479 2278 2587 2343 ἄν·

541 2397 669 2478 δρες
727 2391 886 2462 οὗτοι
949 2398 1000 2461 οἱ
1050 2397 1397 2473 λογοποιοὶ,
1444 2393 1593 2463 ὅταν
1656 2396 2066 2476 συγγένωμαι
2113 2400 2360 2476 αὐτοῖς,
2408 2398 2592 2481 ὑπέρ-

533 2523 743 2601 σοφοι,
795 2512 836 2581 ὦ
877 2516 1166 2589 Κλεινία,
1220 2518 1492 2583 δοκοῦσιν
1536 2513 1692 2582 εἶναι
1741 2517 1846 2581 καὶ
1880 2516 2108 2595 αὐτῆἧ
2151 2518 2347 2600 τέχνη
2386 2521 2589 2583 αὐτῶν

533 2613 833 2704 θεσπεσία
872 2662 967 2711 τις
1007 2638 1111 2702 καὶ
1156 2639 1390 2719 ὑψηλή.
1441 2638 1546 2703 καὶ
1587 2638 1796 2717 μέντοι
1834 2638 1999 2703 οὐδὲν
2038 2638 2424 2717 θαυμαστόν·
2457 2636 2590 2703 ἔστι

531 2758 657 2839 γαρ
715 2766 826 2833 τῆς
879 2764 998 2823 τῶν
1065 2760 1307 2838 ἐπῳδῶν
1364 2759 1595 2839 τέχνης
1647 2758 1888 2840 μόριον,
1955 2760 2190 2840 σμικρῷ
2243 2783 2302 2823 τι
2356 2759 2586 2835 ἐκείνης

533 2879 969 2959 ὑποδεεστέρα·
1019 2880 1052 2954 ἧ
1111 2878 1226 2956 μὲν
1280 2879 1403 2959 γαρ
1459 2883 1575 2942 τῶν
1624 2880 1868 2957 ἐπῳδῶν
1920 2878 2115 2958 ἔχεών
2164 2903 2235 2943 τε
2269 2868 2398 2944 ’καὶ
2452 2884 2586 2961 φα-

531 2998 821 3076 λαγγίων
853 2998 960 3062 καὶ
1006 2998 1305 3079 σκορπίων
1352 2999 1457 3062 καὶ
1498 3004 1616 3062 τῶν
1663 2998 1876 3062 ἄλλων
1917 2998 2124 3078 θηρίων
2154 3023 2225 3083 ‘rs
2261 2990 2366 3066 κάὶ
2401 2999 2583 3065 νόσων

531 3117 872 3194 κήλησίς
918 3120 1118 3195 ἐστιν,
1157 3120 1189 3194 ἢ
1233 3118 1295 3182 δὲ
1337 3118 1641 3182 δικαστῶν
1681 3118 1904 3183 τεκαὶ
1946 3120 2415 3193 ἐκκλησιαστῶν
2455 3121 2582 3186 καὶ

529 3241 675 3304 τῶν
734 3236 1003 3303 ἄλλων
1066 3237 1325 3319 ὄχλων
1393 3237 1736 3312 κήλησίς
1797 3263 1881 3302 τε
1930 3238 2061 3302 καὶ
2113 3238 2580 3319 παραμυθία

529 3359 846 3440 τυγχάνει
894 3354 1117 3424 οὖσα”.

618 3479 862 3544 Dixerit
929 3480 1085 3544 forte
1152 3480 1405 3565 aliquis:
1479 3477 1833 3560 ''Ambabus
1901 3477 2179 3543 manibus
2251 3477 2583 3564 speciosam

532 3598 954 3663 Valckenaerii
1007 3599 1412 3663 coniecturam
1474 3598 1866 3684 amplecterer
1922 3596 2043 3661 nisi
2111 3619 2340 3662 novum
2398 3596 2581 3683 impe·

529 3716 866 3780 dimentum
915 3716 1299 3782 vehementer
1358 3718 1640 3782 obstaret.
1736 3716 2029 3781 Solemnis
2098 3716 2163 3780 in
2223 3717 2445 3782 talibus
2494 3722 2585 3781 est

527 3835 959 3922 particularum
1030 3836 1312 3923 repetitio
1381 3836 1584 3912 ἢ-ἢ
1659 3859 1913 3921 quarum
1985 3837 2228 3901 alteram
2306 3836 2586 3899 omittere

528 3956 631 4020 vix
678 3978 747 4019 ac
794 3979 868 4020 ne
917 3956 1019 4019 vix
1073 3956 1313 4040 quidem
1369 3953 1580 4019 licet''.
1674 3953 1775 4019 Illi
1822 3955 1908 4018 ita
1953 3954 2281 4039 respondeo
2338 3958 2409 4016 ut
2453 3975 2583 4039 par·

529 4075 782 4139 ticulam
851 4075 1076 4140 rectius
1157 4075 1360 4139 adesse
1437 4074 1797 4156 concedam,
1883 4074 2192 4159 vulgatam
2266 4073 2586 4138 lectionem

529 4200 732 4259 tamen
778 4192 960 4258 semel
1007 4193 1303 4258 abiectam
1352 4216 1473 4258 non
1521 4194 1874 4258 desiderem.
1964 4192 2122 4257 Fieri
2181 4214 2321 4257 sane
2379 4199 2586 4278 potest
