3320 5169
1621 462 1707 524 40

727 677 913 765 Apud
980 676 1373 742 Plutarchum
1444 675 1508 741 in
1578 673 1833 755 Quaest.
1898 672 2078 738 Rom.
2150 673 2232 735 80
2302 671 2433 757 ipse
2500 669 2692 733 lector

638 796 825 863 faciat
868 795 1213 883 perieulum
1261 794 1326 860 in
1372 795 1683 861 vocabulis
1737 792 1874 858 καὶ
1925 792 2288 857 almvm.

733 926 852 981 AA
879 968 896 992 ‚
945 925 1065 980 AA
1089 966 1106 990 ‚
1157 925 1275 980 AA
1323 922 1385 981 et
1428 924 1500 980 M
1548 937 1791 1001 quoque
1839 912 2303 979 conniventibus
2350 910 2546 977 oculis
2588 908 2692 975 vix

642 1039 804 1104 inter
864 1061 992 1103 sese
1056 1036 1520 1122 distinguuntur
1575 1034 1837 1120 ideoque
1890 1033 2229 1099 hebetiores
2294 1030 2568 1096 homines
2627 1029 2691 1093 in

643 1156 1022 1222 incredibiles
1082 1178 1307 1221 errores
1365 1156 1761 1220 induxerunt.
1852 1153 2055 1219 Talem
2075 1206 2093 1234 ,
2142 1153 2193 1217 si
2245 1170 2423 1236 quem
2468 1149 2692 1229 alium,

644 1275 948 1342 exstitisse
992 1274 1221 1340 bonum
1267 1274 1561 1339 Photium
1583 1325 1600 1353 ‚
1647 1272 2098 1338 sanctissimum
2147 1272 2496 1358 episcopum
2542 1269 2697 1334 Con-

643 1394 1247 1482 stantinopolitanum
1322 1400 1459 1481 post
1534 1393 1799 1459 Bentleii
1879 1391 2200 1479 epistolam
2279 1390 2355 1455 ad
2433 1387 2698 1453 Millium

646 1537 823 1580 nemo
892 1515 1242 1580 mortalium
1310 1513 1572 1579 dubitat.
1666 1513 1895 1599 Lepide
1965 1509 2352 1577 Patriarchae
2414 1507 2698 1589 ἀκρισίαν

646 1634 921 1699 traduxit
981 1633 1246 1700 Cobetus
1300 1633 1366 1697 in
1423 1633 1726 1699 MnemOS.
1788 1633 1958 1697 Tom.
2008 1630 2169 1711 VII,
2232 1654 2291 1717 p.
2340 1631 2467 1695 475
2533 1649 2700 1714 seqq.

650 1753 986 1840 Scripserat
1029 1753 1289 1818 Photius
1335 1752 1506 1817 κατα
1556 1760 1901 1832 στοιχεῖονε

1327 1919 1652 1999 Λέμμα.

1327 2041 1680 2123 Λέμφας
1703 2091 1720 2115 ,
1769 2040 2095 2112 πέπωκας.

1327 2161 1608 2243 Λέμφοι.

749 2329 872 2393 Sed
933 2328 1067 2408 λέμ
1084 2333 1217 2409 φας
1279 2329 1433 2394 nihil
1500 2330 1668 2395 aliud
1736 2306 1828 2394 est
1882 2329 2003 2395 nisi
2073 2329 2359 2395 iocularis
2419 2328 2718 2414 scriptura

659 2471 768 2535 pro
828 2447 1129 2531 λέλαφας
1199 2449 1709 2534 quemadmodum
1768 2450 1976 2536 paullo
2036 2472 2216 2536 supra
2256 2449 2543 2536 legimus:
2592 2462 2713 2511 λε-

662 2568 1046 2652 λαφασιν
1094 2564 1211 2635 οἷον
1259 2571 1643 2636 πεπώκασιν.

759 2689 858 2754 Ad
925 2690 1081 2755 hane
1158 2690 1626 2776 pulcherrimam
1668 2690 2176 2755 'emendationem
2254 2689 2722 2756 confirmandam

673 2809 752 2874 of.
797 2807 970 2872 locus
1015 2808 1317 2874 Athenaei
1366 2808 1523 2895 (XI,
1571 2833 1709 2897 pag.
1754 2812 1884 2874 455
1929 2813 1986 2896 a)
2043 2795 2224 2895 quem
2284 2811 2350 2874 in
2405 2810 2566 2875 calce
2610 2810 2725 2874 ela-

676 2925 922 2993 boratae
970 2951 1114 2994 suae
1159 2929 1371 2994 Photii
1417 2931 1701 2995 editionis
1746 2931 1955 2995 laudat
2001 2931 2306 2997 NaberuS.

770 3045 844 3112 In
885 3048 1206 3134 Sophoclis
1244 3048 1480 3136 Oedipo
1509 3050 1637 3116 Col.
1667 3073 1725 3115 v.
1756 3052 1922 3114 1266
1968 3049 2281 3136 Polynieis
2330 3050 2510 3116 verba
2555 3056 2729 3115 sunt:

952 3231 1057 3296 καὶ
1109 3236 1395 3312 μαρτυρῶ
1445 3229 1741 3302 κάκιστος
1789 3230 2111 3311 ἀνθρώπων
2158 3234 2423 3311 τροφαῖς

956 3361 1098 3424 ταῖς
1149 3360 1357 3417 σαῖσιν
1407 3350 1595 3427 ἥκειν·
1643 3353 1893 3415 τοὶΜα
1941 3351 2029 3429 μὴ
2065 3350 2122 3427 ’ξ
2170 3349 2381 3415 ἄλλων
2429 3349 2640 3432 πύθῃ.ν

784 3531 984 3597 Proba
1014 3532 1193 3596 lectio
1235 3531 1486 3597 debetur
1522 3531 1902 3618 MusgraviO.
1963 3531 2128 3595 Olim
2169 3532 2458 3597 edebatur
2489 3525 2743 3596 τᾶΛΛα

703 3651 885 3737 (Vide
931 3651 1121 3719 Dobr.
1169 3652 1453 3716 AdverSS.
1504 3651 1606 3732 ΙΙ,
1656 3676 1718 3738 p.
1768 3654 1900 3737 36).
1993 3654 2198 3736 Atque
2250 3652 2339 3716 sic
2399 3661 2643 3717 AAAA
2690 3657 2748 3716 et

701 3779 897 3835 AMA
955 3770 1101 3834 alibi
1156 3794 1398 3857 quoque
1465 3772 1626 3836 haud
1686 3793 1818 3835 raro
1872 3778 2239 3836 commutata
2292 3779 2437 3836 sunt
2490 3772 2593 3857 (cf.
2641 3773 2751 3835 im-

705 3890 917 3977 primis
965 3890 1324 3977 Wesseling.
1373 3891 1445 3954 ad
1493 3890 1726 3956 Herod.
1767 3915 1826 3978 p.
1856 3894 2028 3977 552).
2123 3892 2289 3973 Quid
2330 3893 2536 3957 notius
2577 3913 2751 3977 quam

710 4008 854 4087 ἅμα
925 4030 1062 4072 cum
1129 4010 1451 4096 participio
1521 4010 1953 4076 coniunctum:
2030 4009 2174 4089 ἅμα
2252 4016 2465 4075 ταῦτα
2540 4014 2753 4082 ποιῶν,

709 4127 947 4211 λέγων,
1021 4130 1180 4194 etc?
1248 4130 1507 4195 -Editur
1574 4137 1777 4195 tamen
1843 4130 2005 4218 apud
2071 4131 2551 4217 Theophrastum
2622 4130 2757 4210 περὶ
