3320 5169
1716 508 1800 569 54

737 729 806 790 ut
873 744 1034 789 unus
1090 722 1191 788 vel
1255 720 1458 808 plures
1517 719 1742 808 integri
1802 741 2014 786 versus
2078 719 2447 801 exciderint3
2514 743 2657 789 nam
2719 730 2793 791 ut

729 866 893 909 nunc
935 843 1106 908 locus
1152 864 1279 908 sese
1319 840 1500 906 habet
1537 840 2057 906 evidentissimam
2100 841 2584 907 emendationem
2618 844 2789 910 salvo

731 968 923 1028 metro
967 962 1252 1049 perficere
1297 960 1519 1025 frustra
1567 958 1744 1026 sude.
1834 959 2064 1025 Verum
2125 960 2379 1025 fortasse
2424 961 2790 1028 monstrabit

728 1081 960 1148 felicior
1005 1081 1170 1146 hora.

821 1210 876 1265 H
924 1206 986 1265 et
1030 1209 1088 1264 Π
1128 1199 1498 1286 permutatio
1557 1198 1622 1263 in
1669 1198 1950 1264 omnibus
1996 1198 2167 1265 libris
2201 1199 2459 1266 subinde
2503 1202 2786 1270 occurrit.

728 1321 974 1388 Primus
1015 1320 1132 1385 hoc
1170 1318 1539 1405 corruptelae
1583 1341 1774 1404 genus
1809 1319 2115 1405 perspexit
2163 1320 2583 1386 celeberrimus
2629 1323 2789 1388 Pau·

723 1442 817 1507 lus
862 1440 1211 1526 Leopardus
1260 1444 1321 1503 et
1366 1439 1542 1525 plura
1596 1438 1870 1525 exempla
1916 1438 2121 1505 sedulo
2168 1441 2574 1526 comportavit
2613 1442 2788 1507 Valc-

725 1560 1043 1626 kenaerius
1089 1559 1154 1625 in
1199 1558 1483 1623 Schedis:
1531 1557 1652 1637 ἠέρι
1694 1580 1745 1624 e.
1772 1580 1823 1622 c.
1861 1578 1971 1644 pro
2007 1558 2144 1638 περὶ
2197 1558 2412 1644 (Dorv.
2452 1561 2516 1624 in
2554 1558 2786 1627 Charit.

722 1703 784 1767 p.
836 1679 990 1764 171)
1037 1676 1333 1760 Πρόδοτον
1378 1700 1489 1764 pro
1535 1676 1852 1758 Ἡρόδοτον
1901 1677 2065 1764 apud
2109 1677 2447 1743 Maximum
2494 1678 2785 1765 Tyrium,

721 1797 971 1879 ἠιθόμην
1034 1820 1146 1886 pro
1209 1796 1505 1886 πιθόμηνξ,
1579 1801 1811 1879 ἧροποῖν
1879 1794 2046 1878 ἦμαρ
2128 1820 2239 1885 pro
2304 1797 2551 1878 πρόπαν
2617 1792 2784 1879 ἦμαρ

717 1919 878 2006 apud
924 1918 1305 2005 Hesychinm
1322 1969 1340 1999 ,
1396 1923 1513 1985 etc.
1605 1917 1878 1985 Omnino
1943 1940 2155 2005 operae
2216 1918 2481 2004 pretium
2544 1924 2635 1983 est
2695 1919 2785 1983 in-

720 2038 949 2126 spicere
987 2039 1288 2104 Mnemos.
1322 2038 1454 2118 IX,
1493 2061 1553 2124 p.
1588 2041 1718 2102 308
1756 2060 1924 2123 seqq.
1971 2038 2083 2103 ubi
2128 2037 2366 2102 videbis
2404 2038 2468 2102 in
2507 2038 2786 2125 Epistola

718 2156 796 2222 ad
826 2155 1136 2222 Hebraeos
1171 2157 1300 2237 XI,
1349 2160 1390 2221 4
1432 2179 1556 2221 non
1594 2156 1916 2242 legendum
1963 2179 2093 2221 esse
2139 2155 2348 2221 πίστει
2382 2161 2779 2236 ΠΛΕῙΟΝΑ

720 2275 934 2341 θυσίαν
952 2275 1170 2353 ’Ἅβελ
1203 2276 1377 2357 παρα
1406 2276 1563 2342 Καϊν
1590 2277 1973 2357 προσήνεγκε
2004 2277 2089 2358 τῷ
2123 2276 2231 2357 θεῷ
2259 2276 2360 2340 sed
2388 2282 2780 2355 ΗΔΕῙΟΝΑ

719 2396 763 2462 i.
789 2419 843 2462 e.
892 2395 1015 2471 ἡδί
1030 2419 1188 2461 ονα.

809 2523 864 2578 H
914 2521 975 2581 et
1019 2523 1111 2580 TI
1158 2516 1222 2580 in
1275 2520 1530 2602 utraque
1585 2515 1886 2603 scriptura
1945 2515 2430 2598 confunduntur,
2492 2514 2784 2612 facillime

721 2642 926 2703 autem
994 2638 1058 2703 in
1127 2635 1487 2702 minuscula.
1588 2636 1838 2701 Detexit
1912 2636 2076 2702 hunc
2145 2659 2403 2702 errorem
2471 2636 2784 2701 Porsonus

721 2756 1036 2844 (AdversS.
1085 2780 1147 2844 p.
1199 2758 1308 2841 95)
1356 2758 1422 2821 in
1464 2756 1839 2843 lepidissimo
1901 2755 2239 2841 fragmento
2285 2755 2570 2821 Hermiae
2619 2755 2785 2840 quod

721 2881 977 2942 aetatem
1022 2874 1167 2941 tulit
1212 2874 1376 2961 apud
1423 2874 1646 2940 Athen.
1699 2874 1902 2956 XIII,
1948 2897 2012 2960 p.
2062 2876 2188 2938 563
2236 2896 2301 2940 e:

1084 3051 1390 3116 ἀκούσατ’
1422 3049 1463 3116 ὦ
1513 3052 1810 3124 Στώακες
1859 3049 2105 3133 ἔμποροι
2155 3053 2338 3133 λήρου

1080 3171 1284 3251 λόγων
1335 3173 1727 3253 ὑποκριτῆρες
1776 3173 1827 3237 οἱ
1877 3171 2044 3249 μόνοι
2095 3171 2309 3237 πάντα

1083 3293 1201 3357 τοὲν
1250 3301 1377 3364 τοῖς
1427 3292 1639 3370 πίναξι
1694 3292 1928 3373 πρίνη
1980 3292 2063 3373 τῷ
2116 3293 2288 3374 σοφῷ
2341 3293 2544 3358 δοῦναι

1091 3414 1266 3479 αὐτοὶ
1317 3419 1777 3495 καταρροφεῖτε
1826 3438 1884 3479 κ.
1918 3438 1978 3479 τ.
2012 3428 2075 3478 λ.

816 3588 1251 3674 Corrigendum
1300 3585 1485 3667 πρίν
1532 3610 1626 3651 τι.

817 3708 895 3772 In
932 3707 1263 3794 Hyperidis
1301 3708 1576 3773 oratione
1616 3707 1785 3771 κατα
1822 3705 2245 3784 Δημοσθένους
2296 3708 2440 3793 §20
2494 3707 2785 3793 scriptum

729 3834 889 3896 erat:
938 3832 1225 3892 τοσοῦτον
1275 3830 1326 3893 δ’
1360 3823 1400 3892 ὦ
1449 3826 1660 3909 ἄνδρες
1710 3827 2041 3904 δικασταὶ,
2088 3832 2195 3891 τοῦ
2245 3826 2627 3907 πράγματος
2671 3850 2783 3890 κα-

728 3947 1315 4029 ταπεφρόντικε.
1412 3947 1774 4013 Rectissime
1843 3946 1993 4012 Cob.
2061 3946 2224 4013 Nov.
2297 3946 2470 4013 Lect.
2539 3971 2597 4034 p.
2659 3948 2782 4013 745

731 4068 1369 4150 καταπεφρόνηκε.
1465 4067 1636 4132 Idem
1692 4067 2007 4152 Arist-oph.
2060 4069 2177 4133 Av.
2226 4090 2284 4132 V.
2335 4069 2453 4132 23:
2517 4065 2596 4131 τί
2651 4067 2702 4131 δ’
2748 4069 2782 4142 ἦ

730 4192 947 4269 κορώνη
984 4192 1093 4276 (τι)
1140 4197 1250 4262 τῆς
1301 4188 1433 4252 ὀδοῦ
1485 4187 1659 4265 λέγει
1711 4186 1878 4267 πέριτ,
1930 4187 2390 4273 interpolatione
2436 4160 2653 4252 deleta.
