3320 5169
1501 572 1582 636 67

603 805 641 845 σ
688 782 968 847 iunctum
1016 785 1079 862 θ,
1144 808 1226 855 π,
1277 806 1361 863 χ,
1420 782 1598 848 facile
1643 783 1995 870 negligitur.
2086 783 2313 850 Contra
2371 785 2572 850 minu-

516 908 617 966 tus
664 902 943 967 hamulus
987 901 1181 967 literis
1218 903 1280 976 θ,
1331 927 1380 967 π
1412 909 1472 968 et
1509 927 1562 983 χ
1619 902 1866 968 additus
1903 904 2206 969 interdum
2262 926 2574 991 perperam

516 1020 772 1087 habetur
815 1044 924 1108 pro
969 1046 1029 1086 σ.
1130 1022 1416 1108 Exempla
1461 1023 1528 1086 in
1569 1021 1850 1109 perfectis
1894 1022 2153 1109 passivis
2197 1022 2366 1090 dedit
2421 1023 2573 1088 Dor-

517 1140 726 1205 villius
772 1141 838 1206 in
882 1139 1116 1207 Charit.
1162 1165 1223 1228 p.
1273 1144 1426 1208 403.

609 1259 688 1326 In
738 1260 944 1330 Schol.
994 1260 1072 1326 ad
1118 1260 1239 1329 Od.
1288 1262 1372 1327 N.
1419 1284 1478 1329 v.
1530 1262 1610 1326 10
1658 1282 1825 1347 seqq.

706 1483 968 1570 (εἶ’μοιτοε
1019 1487 1133 1564 μὲν
1187 1487 1256 1561 δὴ
1305 1487 1477 1569 ξείνῳ
1524 1451 1787 1568 εὐξέστῳ
1835 1485 1915 1550 ἐνὶ
1965 1486 2147 1566 χηλῷ

702 1612 906 1669 κεῖτοοι
957 1606 1061 1670 ux>
1109 1607 1340 1688 χρυσὸς
1390 1607 1882 1683 πολυδαίδαλος,
1927 1603 2108 1671 ἄλλοι
2154 1630 2225 1671 τε
2272 1603 2491 1670 ποὶντοι

704 1723 838 1805 δῶρ’
867 1719 985 1789 δ’σοο
1035 1727 1318 1802 Φαιήκων
1363 1724 1743 1809 βουληφόροι
1791 1724 1988 1791 ἔνθαδ’
2025 1724 2315 1811 ἔνεικαν.)

531 1948 816 2013 mendum
860 1949 1022 2015 inest
1068 1949 1477 2015 manifestum.

621 2065 924 2133 Observat
970 2069 1370 2135 Scholiastes:
1420 2071 1736 2150 εὐπρεπῶς
1779 2068 1841 2134 δὲ
1886 2071 1990 2134 τὸν
2029 2067 2216 2148 λόγον
2262 2067 2593 2149 ἐξήνεγκεν

533 2187 641 2250 οὐκ
710 2185 996 2268 ἄντικρυς
1070 2190 1285 2269 φήσοις
1355 2188 1446 2253 ὅτι
1525 2189 1762 2268 ἔλαβες
1831 2190 1947 2269 μὲν
2009 2190 2118 2255 xcx)
2192 2191 2424 2264 ἐσθῆτοι
2488 2188 2595 2254 κοιὶ

534 2307 764 2387 χρυσὸν
820 2307 924 2371 noc}
993 2307 1171 2373 ἄλλοι
1241 2309 1436 2390 Betim,
1510 2316 1610 2374 νῦν
1687 2310 1748 2375 δὲ
1814 2311 1919 2376 κοιὶ
1980 2309 2243 2392 τρίποδοὶ
2318 2333 2407 2375 σοι
2486 2310 2591 2374 κοιὶ

537 2425 788 2504 λέβητα
854 2429 999 2491 κατ’
1047 2429 1238 2509 ἄνδρα
1308 2431 1825 2509 προθήσομεν
1895 2457 1952 2496 κ.
1998 2455 2055 2495 τ.
2094 2445 2157 2495 λ.
2272 2431 2599 2497 Neminem

542 2547 757 2633 opinor
822 2546 973 2613 latet
1042 2549 1190 2633 quid
1258 2550 1403 2615 velit
1471 2558 1705 2629 noster,
1783 2557 1845 2616 at
1913 2550 2310 2616 nihilominus
2381 2548 2603 2615 doctis-

545 2667 729 2731 simos
764 2667 1023 2731 editores
1063 2668 1226 2755 fugit
1265 2669 1482 2733 vitium
1524 2670 1834 2735 dictionis,
1886 2672 2302 2750 προθήσομεν
2353 2668 2605 2746 λέβητοο

428 2810 432 2813 ·
546 2784 870 2849 ridiculum
919 2793 1043 2863 est3
1089 2793 1154 2851 tu
1206 2787 1359 2851 adde
1406 2813 1476 2852 σε
1527 2791 2113 2870 προσθήσομεν.

637 2905 729 2969 De
789 2911 842 2984 φ
893 2912 952 2969 et
997 2911 1048 2984 ψ
1106 2905 1365 2970 invicem
1438 2910 1796 2993 permutatis
1858 2909 1997 2973 vide
2055 2908 2203 2995 Cap.
2266 2908 2390 2974 ΙΙΙ.
2483 2906 2603 2971 Va·

550 3024 673 3089 riae
739 3025 1029 3090 lectiones
1096 3047 1557 3110 nonnumquam
1625 3027 1962 3093 afferuntur
2030 3027 2202 3109 ὅφεις
2269 3034 2329 3093 et
2397 3026 2603 3108 ὄψεις,

552 3142 724 3223 φίλοι
773 3152 836 3210 et
881 3143 1059 3223 ψιλοί
1091 3117 1217 3208 etc.

643 3265 1083 3350 Saepenumero
1130 3263 1323 3328 solum
1373 3268 1428 3346 φ
1476 3264 1703 3350 legitur
1748 3287 1856 3350 pro
1911 3269 1997 3345 φρ
2046 3288 2096 3329 e.
2122 3288 2182 3350 g.
2245 3262 2454 3343 τοέφος
2501 3287 2610 3351 pro

555 3381 828 3463 τοὶφρος,
884 3383 1048 3468 (vide
1096 3406 1220 3448 var.
1267 3382 1407 3448 lect.
1456 3383 1532 3447 ad
1563 3384 1832 3469 Lycurgi
1867 3384 2144 3449 Leocrat.
2182 3360 2247 3469 ⁴p.
2291 3385 2449 3464 153,
2499 3384 2610 3467 27)

557 3503 822 3585 φονικῶς
892 3502 958 3565 in
1028 3502 1298 3588 margine
1372 3502 1667 3567 librorum
1736 3524 1846 3587 pro
1927 3502 2269 3583 φρονίμως,
2357 3500 2612 3585 ἔφοισοιν

557 3645 668 3709 pro
717 3618 1004 3701 ἔφροεσοιν
1050 3626 1192 3685 etc.'
1256 3619 1482 3685 Contra
1528 3643 1770 3685 omnem
1830 3622 2170 3708 analogiam
2223 3622 2615 3709 pertinaciter

562 3741 908 3807 defenditur
974 3738 1222 3822 φοιτρίοι
1291 3763 1400 3827 pro
1461 3741 1740 3821 φρατρίοι
1774 3743 1846 3829 1).
1942 3743 2167 3827 Neque
2241 3764 2410 3806 rarus
2478 3764 2620 3807 con.-

640 4150 680 4221 1)
718 4146 918 4202 Eodem
949 4146 1158 4219 modop
1197 4143 1395 4202 excidit
1430 4147 1552 4218 post
1595 4162 1701 4199 στι
1747 4140 2104 4212 οὶβέλλει,
2151 4140 2416 4215 στέφει
2453 4144 2620 4202 habet

569 4243 888 4317 Hesychius,
960 4243 1109 4318 Lege
1145 4242 1327 4300 sodes:
1366 4238 1719 4303 ἀΓέλλει,
1765 4235 2084 4309 στρέφει.

2288 4346 2368 4390 54(-
