3320 5169
1571 499 1655 558 55

655 706 972 773 Contra-rio
1032 730 1229 774 errore
1284 714 1601 795 peceatum
1662 716 1753 775 est
1814 712 1879 773 in
1940 708 2249 796 Euripidis
2303 708 2628 774 Alcestidi-5

569 852 628 895 v.
656 830 778 894 552
830 828 1172 894 ioculariter
1217 835 1534 916 eorruptO,
1583 836 1653 894 ut
1702 831 1924 895 mirum
1972 828 2126 893 mihi
2176 827 2454 894 videatur
2507 851 2629 914 quo

569 953 745 1034 pacto
797 948 1179 1013 manifestum
1242 948 1532 1013 mendum
1588 947 1851 1014 editores
1904 950 1979 1015 ad
2024 951 2187 1015 huno
2230 972 2422 1034 usque
2467 949 2632 1014 diem

568 1067 818 1154 fugerit.
866 1067 1232 1149 Admetum,
1281 1090 1421 1134 cum
1466 1068 1735 1155 hospitio
1774 1069 2040 1156 recipere
2084 1069 2216 1134 vult
2261 1068 2626 1151 Herculem,

570 1186 789 1251 chorus
849 1188 1122 1252 oratione
1179 1187 1442 1273 pedestri
1499 1193 1560 1253 et
1623 1187 1936 1273 tragoedia
1989 1187 2237 1253 omnino
2280 1188 2537 1276 indigna
2577 1190 2629 1274 1)

571 1305 659 1372 ita
705 1306 1032 1392 alloquitur
1050 1335 1084 1372 :-

837 1475 903 1541 τί
948 1477 1132 1561 §pam
1182 1479 1475 1555 τοιαύτης
1526 1483 1858 1561 συμφορᾶς
1907 1478 2334 1563 προκειμένης,

831 1595 1163 1676 ''ARstow-e,
1208 1604 1454 1682 τολμᾷς
1502 1598 1875 1676 ξενοδοκεῖνς
1927 1600 2000 1664 τί
2044 1601 2279 1682 μῶρος
2332 1597 2435 1676 εἷς

655 1779 868 1845 Laudo
908 1778 1189 1864 equidem
1214 1778 1593 1865 diligentiam
1631 1778 1855 1844 attenti
1889 1779 2092 1843 nescio
2139 1778 2313 1843 euius
2355 1778 2631 1859 lectoris,

568 1921 749 1984 quem
817 1899 882 1962 in
953 1898 1226 1985 margine
1295 1904 1567 1962 vetustae
1646 1898 1937 1963 editionis
2018 1903 2337 1963 annotasse
2404 1898 2631 1983 reperi:

555 2014 647 2082 ’Ἧ
696 2023 890 2098 μῶρος
940 2013 1024 2092 εἷς
1098 2018 1264 2082 Nam
1326 2018 1463 2102 quis
1510 2039 1804 2101 umquam
1857 2039 2190 2103 pronomen
2234 2015 2310 2080 τί
2356 2016 2443 2081 sio
2489 2038 2629 2080 cum

569 2136 869 2202 adieetivo
916 2137 1310 2202 coniunctum
1355 2137 1556 2203 vidit?

658 2264 713 2320 H
771 2278 949 2343 saepe
1010 2256 1349 2322 habuerunt
1408 2280 1519 2343 pro
1566 2264 1627 2319 N
1678 2256 1811 2322 vice
1858 2278 2066 2337 versa,
2119 2257 2174 2320 si
2217 2279 2344 2321 non
2390 2278 2635 2343 appare-

569 2382 661 2441 ret
720 2382 996 2441 reotusne
1065 2383 1220 2440 esset
1289 2375 1524 2440 medius
1593 2376 1814 2440 ductus
1883 2399 1961 2440 an
2030 2376 2335 2461 obliquuS.
2443 2377 2631 2457 Quod

569 2495 869 2580 imprimis
914 2495 979 2559 in
1042 2495 1386 2559 nominibus
1433 2496 1692 2581 propriis
1738 2496 1987 2576 factum..
2083 2496 2184 2560 Sic
2231 2496 2395 2582 apud
2441 2496 2629 2561 Diod.

566 2614 756 2680 Sicul.
819 2615 888 2680 Τ.
945 2614 1012 2694 Ι,
1083 2638 1144 2700 p.
1205 2617 1332 2678 384,
1401 2638 1625 2680 nomen
1692 2617 1901 2680 matris
1968 2616 2276 2702 Apollinis
2345 2615 2500 2680 abiit
2565 2616 2634 2681 in

568 2736 913 2800 Ἀντοῦν.

657 2856 816 2920 Vide
861 2863 1166 2942 praeterea
1212 2855 1552 2920 Porsonum
1601 2858 1915 2942 (AdverSS.
1973 2883 2034 2945 p.
2087 2859 2239 2944 140)
2288 2858 2353 2922 in
2401 2857 2628 2922 Athen.

564 2998 700 3061 pag.
756 2978 878 3042 700
917 2977 961 3041 f.
1008 2976 1072 3039 in
1122 2975 1427 3059 integrum
1472 2977 1897 3042 restituentem
1944 3000 2190 3042 versum
2237 2977 2551 3063 Philyllii:

745 3131 851 3220 κοοὶ
900 3154 1133 3235 λύχνον
1182 3155 1431 3234 δίμυξον
1478 3156 1617 3220 οἴσω
1668 3156 1773 3221 noa}
1823 3155 2136 3237 θρυαλλίδ’
2184 3157 2268 3231 ἢν
2317 3157 2468 3239 δέῃ.-

563 3338 750 3404 Liber
795 3338 930 3404 MS.
976 3338 1161 3402 habet
1209 3340 1241 3413 ἦ
1263 3361 1290 3399 ν
1306 3337 1338 3400 δ
1356 3361 1383 3399 ε
1401 3336 1486 3400 νί.

654 3458 733 3522 In
777 3458 938 3523 Plat.
986 3457 1213 3522 Phaed.
1253 3481 1391 3543 pag.
1437 3459 1513 3522 87
1545 3457 1626 3537 B,
1668 3456 1738 3522 C.
1789 3495 1875 3506 —
1920 3455 2024 3520 καὶ
2076 3456 2133 3521 εἴ
2176 3481 2270 3529 τις
2317 3458 2625 3522 ἀπιστῶν

564 3577 734 3656 αὐτῷ
793 3574 1133 3657 οένερωτῴη.
1196 3581 1358 3639 recte
1419 3575 1737 3641 Dobraeus
1794 3575 1956 3641 Adv.
2003 3575 2071 3655 I,
2133 3600 2195 3662 p.
2247 3579 2368 3640 151
2429 3578 2621 3641 οἶοι-ιο·-

636 3912 677 3980 ¹)
731 3907 911 3964 Habet
943 3907 1042 3963 hoo
1081 3906 1362 3979 Euripides
1397 3906 1665 3961 interdum
1701 3908 1764 3959 ut
1799 3905 1857 3958 in
1894 3922 2099 3959 summo
2136 3903 2470 3974 eloquentiae
2514 3905 2626 3957 stu-

561 3993 650 4050 dio
694 4011 985 4048 sermonem
1022 3990 1388 4062 quotidianum
1435 3991 1653 4050 misceat
1692 3990 1867 4045 verbis
1905 3988 2193 4061 splendidis
2223 3993 2277 4043 et
2314 3987 2627 4065 magnificis·

562 4087 703 4144 Vide
753 4085 1039 4156 γεύματος
1083 4081 1243 4139 ἕνεκα
1293 4084 1469 4157 Iphig.
1521 4084 1577 4139 in
1628 4083 1749 4139 Aul.
1798 4101 1847 4138 v,
1885 4084 1991 4135 454
2039 4081 2134 4136 ubi
2188 4081 2266 4135 ita
2319 4079 2623 4150 loquentem

562 4183 697 4239 facit
739 4184 1218 4255 Agamemnonem:
1271 4175 1401 4243 ε’ἷεν,
1447 4181 1510 4235 τί
1550 4177 1707 4250 φήσω
1751 4180 1876 4247 πρὸς
1921 4175 2188 4245 δάμαρτα
2232 4180 2334 4239 τῆν
2374 4172 2527 4245 {Imm
