3320 5169
1553 515 1629 576 11

658 729 889 795 Verum
955 730 1260 793 enimvero
1292 726 1427 791 -alii
1494 726 1614 792 loci
1685 731 2010 793 occurrunt
2069 724 2271 791 mutili
2337 747 2499 790 nunc
2566 732 2629 791 et

569 848 810 914 obscuri
882 847 992 912 ubi
1063 847 1302 913 critices
1370 847 1578 911 lumen
1647 846 1976 933 prudenter
2040 845 2353 912 admotum
2421 867 2630 909 omnes

571 969 824 1035 nebulas
869 975 1114 1055 repente
1162 968 1461 1054 dispellet.
1556 967 1634 1032 Id
1689 967 1884 1053 igitur
1929 966 1980 1030 si
2029 987 2241 1031 verum
2288 970 2410 1045 est,
2466 964 2632 1050 quod

567 1113 747 1157 nemo
800 1090 1009 1176 paullo
1077 1088 1314 1154 acutior
1379 1087 1726 1152 admonitus
1784 1083 2120 1165 dubitabit,
2190 1090 2263 1149 ut
2319 1106 2473 1149 nova
2526 1106 2633 1148 no-

568 1210 661 1274 bis
728 1208 1079 1296 reperienda
1150 1206 1491 1293 supersint,
1571 1206 1875 1292 ingenuus
1949 1205 2222 1291 profecto
2297 1210 2391 1270 est
2463 1203 2632 1269 labor

570 1335 841 1393 veterum
899 1331 1327 1402 monumenta,
1378 1347 1531 1411 quae
1575 1325 1641 1389 in
1696 1346 1871 1389 omne
1939 1330 2179 1410 tempus
2228 1323 2432 1387 futura
2489 1329 2633 1386 sunt

568 1471 838 1513 summae
898 1446 1294 1511 humanitatis
1346 1444 1715 1531 principium
1778 1450 1839 1508 et
1898 1444 2034 1508 fons
2050 1493 2067 1522 ,
2130 1440 2481 1507 inveteratis
2531 1463 2632 1506 ne-

569 1566 903 1654 gligentiae
962 1565 1385 1648 stultitiaeque
1445 1562 1725 1628 sordibus
1785 1564 1874 1627 ita
1933 1583 2191 1648 purgare
2252 1565 2321 1624 ut
2371 1560 2634 1646 pristina

568 1687 705 1750 luce
760 1686 931 1770 quasi
977 1684 1484 1770 resplendescant.
1578 1681 1880 1765 Equidem
1937 1686 2130 1760 certe,
2192 1679 2244 1743 si
2289 1702 2413 1743 non
2457 1679 2633 1766 plane

571 1805 736 1870 deest
782 1803 1021 1890 pulchri
1080 1803 1330 1886 verique
1394 1823 1606 1865 sensus
1653 1800 1930 1884 viresque
1993 1797 2408 1885 suppeditabit
2469 1804 2633 1862 aetas

571 1930 631 1988 et
667 1946 790 2011 non
835 1921 1181 1987 intermissa
1227 1920 1565 1985 studiorum
1613 1918 1998 1998 exercitatiO,
2040 1917 2257 1982 lubens
2303 1917 2631 2002 aliquando

570 2041 634 2106 in
699 2043 811 2106 hac
883 2042 1183 2128 palaestra
1252 2046 1561 2105 certarem.
1653 2040 1942 2124 Namque
2012 2043 2247 2103 constat
2317 2060 2439 2121 quo
2506 2058 2631 2101 rec·

573 2160 696 2225 tius
758 2160 1016 2246 quisque
1077 2166 1139 2224 et
1199 2161 1274 2225 de
1334 2159 1587 2223 aliorum
1645 2158 1709 2223 in
1760 2163 1888 2222 arte
1943 2157 2154 2222 critica
2212 2157 2479 2221 inventis
2524 2179 2631 2243 po·

571 2281 693 2344 tuit
750 2280 1018 2345 iudicare
1077 2285 1136 2344 et
1195 2279 1322 2365 ipse
1392 2285 1672 2364 corrupta
1739 2278 1804 2343 in
1872 2278 2108 2363 integra
2174 2253 2492 2342 restituere
2562 2299 2632 2341 eo

575 2399 789 2463 melius
836 2399 986 2482 quid
1032 2399 1351 2485 scriptores
1396 2397 1697 2463 voluerint
1740 2403 1873 2461 tum
1918 2396 2292 2461 intellexisse
2336 2403 2466 2461 tum
2513 2396 2632 2461 dis-

559 2519 797 2608 cipulis
843 2518 1188 2606 explicasse.

669 2638 767 2703 Ad
814 2639 1241 2703 declarandum
1289 2642 1491 2702 autem
1540 2659 1723 2722 quare
1769 2637 1933 2701 hunc
1979 2635 2320 2722 scripserim
2363 2635 2634 2701 libellum

576 2780 769 2844 pauca
830 2759 1133 2822 monuisse
1203 2757 1525 2822 suffecerit.
1618 2756 1763 2820 Non
1826 2757 1879 2819 is
1936 2779 2071 2820 sum
2130 2757 2235 2841 qui
2296 2755 2636 2820 existimem

577 2899 673 2942 me
730 2874 1028 2942 curriculo
1091 2877 1432 2941 academico
1488 2876 1739 2941 decurso
1807 2876 1928 2940 iam
1995 2877 2083 2940 sic
2143 2876 2288 2941 satis
2344 2875 2417 2940 ab
2471 2876 2636 2939 omni

578 2992 762 3089 parte·
798 3002 1078 3083 paratum
1141 3019 1270 3060 esse
1327 2996 1403 3061 ad
1477 3002 1664 3060 artem
1735 2996 2150 3061 difficillimam
2212 2996 2633 3075 exercendam,

579 3137 718 3179 cum
774 3116 931 3179 nihil
983 3116 1177 3200 magis
1239 3138 1308 3179 ex
1371 3115 1558 3179 animi
1620 3116 1919 3179 sententia
1989 3122 2264 3202 exoptem
2328 3122 2639 3200 quamut

579 3257 787 3299 omnes
835 3234 1186 3321 intelligant
1233 3235 1497 3298 discendi
1531 3257 1654 3298 non
1690 3222 1955 3298 'docendi
2002 3256 2184 3298 causa
2230 3257 2324 3299 me
2369 3235 2435 3297 id
2481 3240 2638 3298 aeta-

578 3353 659 3416 tis
730 3353 794 3416 in
852 3353 1163 3439 scriptoris
1232 3353 1486 3439 gradum
1557 3352 1918 3416 ascendisse.
2011 3353 2229 3416 Effecit
2297 3352 2442 3416 haec
2510 3351 2639 3438 ipsa

579 3472 903 3557 cogitatio,
953 3471 1096 3536 dum
1144 3472 1260 3536 alia
1305 3493 1544 3557 quoque
1589 3477 1943 3557 argumenta
1982 3477 2042 3536 et
2080 3471 2349 3536 novitate
2394 3478 2456 3536 et
2504 3495 2690 3576 ειη-ο

576 3591 764 3654 vitate
813 3590 984 3654 valde
1033 3590 1179 3653 mihi
1227 3590 1598 3670 arridebant,
1650 3597 1721 3653 ut
1768 3590 2110 3655 rationibus
2148 3590 2467 3655 subductis
2513 3613 2636 3655 om-

574 3711 747 3775 nium
810 3709 1205 3774 utilissimum
1266 3710 1540 3775 duxerim
1604 3710 1966 3796 insigniores
2031 3712 2479 3776 observationes
2536 3734 2636 3798 pa-

575 3830 1050 3917 laeographicae,
1121 3852 1272 3914 quas
1321 3855 1355 3895 a
1421 3831 1673 3895 summis
1734 3831 1961 3895 criticis
2025 3831 2381 3909 didiceram,
2431 3830 2638 3894 ordine

576 3950 838 4036 quodam
884 3973 1220 4029 recensere,
1270 3951 1493 4014 additis
1547 3951 1833 4037 exemplis
1881 3974 1954 4015 ex
2014 3950 2278 4036 probatis
2333 3949 2634 4036 scriptori-

574 4067 690 4132 bus
736 4068 1260 4148 emendat-ionum‚
1302 4092 1456 4155 quae
1497 4092 1570 4134 ex
1617 4070 1712 4132 his
1760 4069 2032 4133 fontibus
2081 4074 2422 4133 manarunt.
2492 4067 2635 4132 Cae-

576 4194 772 4253 terum
826 4189 877 4252 si
948 4188 1105 4253 forte
1175 4195 1346 4253 erant
1404 4188 1628 4254 leviora
1692 4187 2016 4271 quaedam,
2079 4208 2233 4270 quae
2294 4187 2423 4272 ipse
2484 4188 2635 4252 mihi
