3320 5169
1621 527 1699 591 77

637 740 1001 812 Ἀπόλλων,
1078 739 1277 816 ἥλιος,
1348 737 1602 820 χρυσός.
1700 739 1902 802 Etiam
1958 737 2317 823 Apollonius
2374 737 2489 802 hoe
2535 759 2695 802 com-

636 860 858 947 pendio
902 860 1209 925 indicatur
1260 859 1417 924 unde
1462 858 1614 923 mihi
1664 865 1805 922 nata
1852 865 1944 922 est
1991 857 2261 943 suspicio
2304 856 2695 942 Apollonium

639 980 983 1066 Sophistam
1032 979 1335 1044 interdum
1384 1000 1522 1043 eum
1569 964 1897 1044 Heliodoro
1944 977 2260 1042 confusum
2307 999 2435 1040 esse
2479 980 2548 1061 ι).

725 1098 1199 1164 Accuratissime
1247 1097 1321 1162 de
1360 1097 1477 1161 hoe
1512 1096 1889 1183 corruptelae
1923 1119 2141 1182 genere
2177 1096 2304 1182 egit
2339 1095 2697 1160 Gaisfordus

637 1216 713 1281 ad
761 1217 1101 1282 Hesiodum
1162 1218 1226 1283 in
1287 1218 1460 1282 Poet.
1519 1216 1627 1282 Gr.
1679 1216 1834 1281 Min.
1883 1216 1945 1292 Ι,
2004 1219 2145 1281 113.
2238 1214 2503 1279 Sustulit
2555 1215 2699 1279 olim

637 1335 855 1402 vitium
924 1338 1278 1403 Dindorfius
1349 1338 1414 1402 in
1468 1336 1951 1423 Harpocratione
2025 1358 2083 1402 v.
2136 1334 2518 1413 θεμιστεύειν
2588 1334 2699 1401 ubi

637 1456 939 1521 Stanleius
1010 1457 1110 1542 (ad
1179 1456 1457 1543 Aeschyl.
1529 1455 1709 1520 Eum.
1784 1478 1841 1520 v.
1908 1457 1971 1539 2)
2043 1455 2347 1520 divinarat
2415 1455 2525 1534 πρὸ
2588 1458 2696 1517 τοῦ
2753 1536 2763 1544 .

638 1575 965 1655 Φοίβου.
1069 1577 1201 1642 Alia
1256 1574 1528 1662 exempla
1589 1574 1695 1658 qui
1750 1573 1933 1637 huius
1988 1574 2427 1638 observationis
2472 1595 2702 1638 memor

635 1702 727 1759 est
773 1695 933 1760 facili
980 1695 1229 1781 negotio
1277 1693 1682 1780 deprehendet
1726 1692 1795 1756 in
1840 1691 2103 1757 Bekkeri
2153 1693 2505 1757 AneedotiS.

725 1814 817 1877 De
886 1813 1364 1879 commutatione
1435 1811 1597 1888 ἥλιος
1680 1832 1822 1875 eum
1890 1812 2119 1890 χρυσὸς
2195 1833 2378 1896 agens
2454 1811 2699 1874 Bastius

634 1933 897 2018 exempli
958 1934 1150 1998 instar
1205 1956 1266 2018 p.
1318 1936 1445 1997 534
1493 1931 1705 1996 laudat
1761 1930 1959 1995 locum
2018 1929 2325 1995 Eustathii
2380 1930 2454 1993 de
2500 1929 2699 1994 Persis

632 2053 782 2116 haee
827 2052 1121 2117 dicentis:
1189 2057 1414 2123 τιμῶσι
1478 2053 1538 2115 δὲ
1601 2050 1708 2114 ma}
1774 2051 1843 2114 τὸ
1910 2055 2028 2133 πῦρ
2078 2050 2185 2114 κοιὶ
2246 2050 2506 2114 διὀιύτὸ
2561 2050 2694 2114 τὸν

632 2173 946 2251 χρυσὸν
999 2172 1095 2257 (L.
1145 2172 1279 2235 τὸν
1330 2170 1583 2258 ἥλιον)
1633 2166 1733 2236 οἷοι
1782 2172 2063 2252 πυροειδῆ
2110 2169 2282 2235 ὄντα.

706 2442 744 2513 ¹)
799 2438 938 2494 Vide
976 2439 1104 2512 Cap.
1141 2439 1257 2493 VII
1298 2438 1362 2492 de
1398 2437 1726 2512 compendiis
1762 2440 1922 2495 Nom.
1960 2439 2145 2512 Propr.

704 2531 792 2589 Ad
843 2529 1137 2604 ὖδροφόριοι
1180 2533 1237 2589 in
1289 2531 1473 2588 Photii
1521 2532 1720 2589 Lexieo
1777 2530 1963 2603 (ἓορτῆ
2008 2530 2257 2601 πένθιμος
2284 2527 2560 2595 Ἀθήνησιν
2604 2528 2698 2587 ἐπὶ

637 2629 756 2693 τοῖς
797 2625 854 2683 ἐν
898 2632 976 2701 τῷ
1017 2631 1410 2701 κατακλυσμῷ
1453 2626 1819 2697 ἒιπολομένοις
1863 2629 1934 2693 ὡς
1971 2625 2398 2697 Ἀπολλώνιος.)
2452 2626 2696 2683 Naberus

633 2738 684 2776 v.
711 2718 777 2775 ol.
816 2722 1065 2776 annotat:
1114 2720 1282 2792 (Tom.
1321 2720 1409 2786 ΙΙ,
1457 2739 1506 2793 p.
1548 2721 1674 2790 237)
1728 2720 2081 2792 ,Hesychius
2134 2719 2305 2776 Miror
2347 2719 2435 2774 hie
2487 2717 2696 2773 laudari

633 2804 1007 2877 Apollonium3
1043 2806 1269 2861 fortasse
1293 2804 1440 2861 aliud
1469 2806 1596 2878 quid
1621 2805 1808 2861 latet’'.
1848 2806 2163 2879 Cogitabam
2187 2825 2255 2861 an
2284 2825 2381 2879 pro
2407 2804 2695 2879 Apollonio

633 2887 917 2963 legendum
965 2894 1102 2946 esset
1151 2890 1476 2947 Heliodorus
1517 2910 1673 2963 quem
1718 2895 1932 2949 constat
1973 2912 2082 2949 non
2128 2892 2362 2948 earmina
2408 2892 2698 2948 Homerica

632 2978 861 3032 tantum
882 2976 976 3032 sed
1009 2976 1335 3034 comoediam
1376 2978 1615 3033 Atticam
1662 2997 1874 3052 quoque
1922 2979 2167 3051 attigisse
2220 2978 2380 3050 (Vide
2422 2998 2559 3052 quae
2592 2979 2696 3034 dis-

631 3065 791 3134 putat
831 3062 1075 3119 Naberus
1117 3063 1266 3118 Tom.
1306 3063 1365 3129 Ι,
1402 3081 1455 3135 p.
1492 3064 1639 3135 121).
1714 3064 1797 3119 Ea
1842 3083 1926 3119 me
1975 3064 2153 3137 opinio
2200 3064 2396 3120 fefellit
2443 3067 2506 3120 ut
2550 3082 2695 3120 nunc

630 3149 815 3217 vide03
851 3148 988 3225 nihil
1030 3147 1347 3205 mutandum
1385 3152 1483 3206 est.
1556 3149 1708 3205 Idem
1757 3149 2075 3223 Apollonius
2120 3149 2214 3221 qui
2253 3149 2341 3205 hie
2384 3169 2694 3208 commemo-

630 3239 781 3292 ratur
818 3237 981 3293 etiam
1019 3236 1233 3292 aliunde
1269 3239 1448 3293 notus.
1521 3236 1730 3309 Nempe
1767 3255 1835 3291 ex
1867 3235 2144 3292 Athenaeo
2186 3254 2239 3308 p.
2278 3237 2382 3292 191
2411 3237 2450 3293 f.
2486 3236 2581 3291 ubi
2613 3237 2694 3292 ita

557 3326 561 3332 ’
631 3328 884 3403 legimus:
947 3330 1076 3384 ικοιῖ
1114 3325 1242 3398 παρ’
1272 3325 1608 3400 Αἰγυπτίοις
1645 3325 1708 3384 δὲ
1753 3329 1817 3384 το
1853 3331 2096 3384 ποιλοιιὸν
2135 3324 2474 3399 σωφρονικῶς
2508 3324 2690 3399 διεξή-

633 3443 771 3495 γετο
816 3426 880 3480 ‘rb
926 3426 1035 3481 τῶν
1077 3426 1390 3495 συμποσίων
1432 3424 1621 3497 γένος,
1666 3420 1978 3495 καθάπερ
2023 3421 2689 3495 ε’ίρηκενἈπολλῶ-

632 3539 777 3585 νιος
820 3517 844 3574 ὃ
888 3522 1046 3590 περὶ
1086 3518 1352 3591 ἑορτῶν
1393 3519 1801 3594 γεγραφώς.
