3320 5169
1674 473 1758 534 28

678 686 859 752 habet
925 686 1196 772 optimus
1270 685 1455 750 codex
1533 684 1932 751 Harleiauus:
2002 691 2121 750 τῶν
2197 685 2430 767 ἐτέρων.
2539 687 2740 768 Quam

678 828 856 872 nemo
903 811 1127 871 temere
1170 805 1430 872 tentabit
1476 805 1583 890 qui
1644 805 1989 871 meminerit
2045 806 2199 871 duos
2244 804 2309 870 in
2357 805 2564 870 Attica
2612 829 2739 873 esse

680 926 989 999 Κολωνοὺς
1025 927 1074 1010 1)
1135 926 1240 991 τὸν
1296 923 1506 1015 ἵππων
1555 925 1659 989 καὶ
1711 926 1814 992 τὸν
1862 927 2179 1008 ἀγοραῖον.

768 1046 862 1110 Ex
906 1046 1023 1111 hoo
1078 1046 1286 1111 eodem
1340 1046 1508 1112 fonte
1566 1047 1933 1134 repetendus
1994 1052 2085 1112 est
2147 1070 2311 1113 error
2374 1048 2438 1112 in
2503 1048 2738 1113 Aristo-

679 1167 900 1254 phanis
946 1165 1128 1232 Pluto
1177 1190 1234 1232 v.
1286 1169 1410 1231 196
1452 1190 1630 1253 quem
1683 1167 1915 1232 detexit
1960 1189 2092 1231 rara
2122 1168 2428 1247 ἆγχίνοικ
2477 1167 2739 1231 Dawesii

681 1287 885 1372 (Misc.
931 1286 1083 1352 Crit.
1133 1310 1195 1373 p.
1236 1289 1412 1372 206).
1490 1287 1800 1352 Exhibe-nt
1837 1286 1979 1375 libri
2029 1309 2183 1372 quos
2230 1286 2506 1371 sequitur
2551 1285 2738 1350 Hem-

680 1404 1051 1471 sterhnsius:

951 1579 1101 1641 ἀλλ’
1137 1577 1205 1653 ἢν
1235 1576 1551 1643 ’τάλαντά
1598 1602 1692 1649 τις
1743 1578 1919 1660 λάβῃ
1964 1579 2379 1667 ,τριακκίδεκκ

950 1698 1110 1762 πολὺ
1158 1700 1407 1776 μᾶλλον
1457 1699 1751 1777 ἐπιθυμεῖ
1793 1701 2022 1777 λαβεῖν
2072 1699 2410 1764 ἐκκκίδεκοι

950 1819 1066 1881 κᾶν
1114 1818 1303 1882 ταῦτ’
1333 1817 1527 1900 ἀνύσῃ
1573 1817 2051 1899 τετταράκοντα
2099 1819 2427 1896 βούλεται.

773 1998 902 2062 Iam
951 2004 1090 2063 ante
1150 1997 1498 2062 Dawesium
1551 1997 1845 2063 laboranti
1891 2006 2083 2063 metro
2129 1998 2445 2065 subvenire
2491 2009 2743 2065 conatus

683 2124 808 2181 erat
865 2116 1168 2182 Kusterus
1228 2117 1408 2182 solito
1468 2118 1732 2182 remedio
1799 2119 2075 2184 voculam
2137 2144 2215 2197 γε
2281 2120 2545 2184 inserens
2607 2127 2746 2205 post

684 2235 879 2317 ἀνύσῃ
937 2258 1091 2320 quae
1149 2236 1293 2301 huic
1355 2237 1491 2300 loco
1553 2244 1750 2302 tamen
1811 2239 2061 2303 minime
2120 2239 2407 2304 convenit
2445 2243 2494 2326 2)
2561 2240 2744 2304 Hem-

686 2354 989 2420 sterhusio
1022 2376 1162 2419 vero
1210 2354 1284 2419 de
1331 2355 1574 2420 violatis
1618 2358 1890 2422 numeris
1934 2358 2020 2422 nil
2067 2358 2375 2436 suboluit;
2427 2360 2744 2424 contendit

686 2475 802 2541 κᾶν
875 2478 1059 2539 ταῦτ’
1107 2475 1303 2557 ἀνύω-ῃ
1377 2476 1622 2540 omnino
1691 2476 1819 2540 sine
1886 2476 2019 2542 labe
2085 2500 2216 2542 esse
2288 2477 2493 2561 'squod
2564 2501 2742 2563 supra

686 2597 970 2683 scriptam
1052 2595 1235 2660 habet
1306 2596 1370 2660 in
1449 2597 1653 2662 codice
1732 2597 2113 2661 Dorvilliano
2188 2597 2743 2683 interpretationem

686 2714 1148 2797 dvxmmpcboeff'
1211 2718 1371 2801 (pag.
1422 2719 1502 2780 65
1551 2717 1696 2802 ed.).
1788 2716 1973 2781 Nunc
2034 2717 2250 2781 merito
2300 2739 2509 2782 omnes
2557 2717 2745 2782 credi·

688 2859 824 2901 mus
870 2836 1145 2900 Dawesio
1190 2836 1509 2900 evanuisse
1556 2835 1841 2921 syllabam
1888 2860 1960 2900 τε
1986 2867 2069 2892 --
2094 2860 2198 2899 rect
2242 2859 2276 2900 a
2320 2836 2600 2921 sequenti
2640 2859 2745 2900 vo-

688 2955 902 3021 cabulo
939 2954 1413 3032 τετταροέκοντοι
1461 2954 1800 3041 absorptam
1846 2954 1933 3020 ita
1983 2961 2052 3020 ut
2094 2955 2423 3041 legendum
2465 2956 2576 3020 sit:
2626 2955 2744 3020 κᾶν

687 3078 875 3142 ταῦτ’
904 3075 1236 3152 ἀνύσηται
1288 3100 1346 3140 κ.
1381 3100 1440 3140 τ.
1477 3090 1538 3139 λ.
1589 3098 1729 3139 nam
1778 3075 1867 3140 sic
1913 3075 2157 3140 demum
2207 3081 2270 3140 et
2322 3075 2637 3161 prosodiae
2686 3082 2748 3140 et

690 3197 900 3264 Attico
946 3196 1240 3282 loquendi
1285 3196 1427 3261 usui
1473 3194 1851 3259 satisfactum
1897 3201 2006 3260 est.

777 3316 1002 3383 Crebro
1040 3322 1357 3402 peccatum
1391 3315 1456 3379 in
1492 3314 1845 3399 Thucydide
1877 3314 1983 3378 ubi
2024 3313 2193 3380 nullo
2229 3314 2459 3378 iudicio
2501 3314 2751 3378 confusa

691 3442 836 3501 sunt
880 3435 1085 3507 κκινὸς
1134 3440 1200 3499 et
1241 3433 1445 3508 κενὸς,
1495 3433 1822 3512 ἐπικαίρως
1872 3438 1933 3497 et
1978 3432 2078 3496 ἐπὶ
2129 3431 2344 3511 κέρως,
2394 3431 2642 3511 φαίνειν
2691 3438 2751 3496 et

766 3718 805 3786 ¹)
863 3715 1054 3771 Forma
1091 3717 1343 3780 Κολωνὸς
1381 3730 1539 3768 masc.
1578 3731 1699 3785 gen.
1739 3712 1874 3784 sing.
1914 3731 2063 3768 num.
2095 3714 2250 3768 unice
2283 3731 2408 3769 vera
2442 3717 2541 3769 est.
2597 3712 2755 3768 Calli-

696 3807 940 3862 machum
986 3806 1392 3861 versificatorem
1437 3803 1605 3876 magis
1648 3822 1807 3875 quam
1855 3808 2067 3874 poetam
2117 3823 2289 3877 neque
2328 3805 2506 3877 epicae
2540 3804 2756 3877 linguae

695 3894 828 3949 satis
870 3894 1100 3966 peritum
1140 3893 1226 3965 (cf.
1256 3891 1515 3965 imprimis
1545 3889 1675 3945 Cob.
1704 3890 1761 3945 in
1786 3891 2046 3949 Mnemos,
2076 3891 2224 3947 Tom.
2257 3891 2332 3958 X,
2368 3911 2420 3964 p.
2452 3893 2755 3961 389—438)

697 3980 886 4035 merito
924 3977 1261 4051 reprehendit
1298 3977 1490 4033 Suidas
1526 3976 1582 4030 in
1618 3995 1763 4033 voce.

769 4076 813 4144 2)
868 4074 1113 4146 Namque
1167 4076 1312 4129 certa
1361 4072 1558 4144 ubique
1606 4075 1690 4126 est
1745 4072 2065 4144 significatio
2119 4069 2414 4145 particulae
2469 4089 2536 4141 γε
2590 4088 2760 4142 neque

699 4183 950 4236 umquam
990 4183 1020 4217 a
1056 4163 1270 4219 Graecis
1314 4163 1428 4218 sine
1467 4179 1626 4217 sensu
1669 4162 1824 4219 metri
1859 4166 2074 4217 tantum
2118 4180 2277 4217 causa
2315 4161 2619 4233 apponitur.
