3320 5169
1707 451 1787 515 70

714 643 923 733 ff,
974 642 1178 737 ᾗ,
1229 665 1472 746 πατὴρ,
1518 667 1758 748 μήτηρ,
1805 650 1962 732 &Ill—P
1994 698 2076 723 =
2107 666 2340 748 σωτὴρ,
2390 675 2770 733 OTPOO=

722 778 1007 860 σταυρός.
1086 783 1309 850 Porro:
1350 771 1470 849 ‘ff
1498 818 1580 843 =
1607 788 1736 851 υἱοῦ
1783 788 1849 851 in
1887 789 2181 871 yenitivo‚
2231 796 2359 851 ΧΩ
2387 820 2469 845 =
2494 790 2769 869 χριστῷ,

725 910 836 965 ΟΎ
844 910 1030 967 NON
1059 934 1141 959 =
1168 905 1433 984 οὐροινόν.
1510 906 1645 971 Neo
1690 929 1812 971 non
1854 907 1921 970 in
1954 908 2305 993 compositis
2343 915 2405 974 et
2451 909 2768 975 derivatis:

849 1006 989 1018 ———
1775 1009 1930 1018 ———

719 1024 987 1100 φιλοινος
1016 1053 1099 1078 =
1123 1022 1584 1105 Φιλοὶνθρωπος,
1632 1030 1925 1106 <maon-pm
1954 1057 2036 1081 =
2062 1023 2477 1109 φιλόπατρις,
2517 1052 2657 1108 <xpm
2685 1060 2768 1085 =

1913 1134 2044 1145 —.

720 1145 1026 1227 σωτηρία,
1104 1170 1336 1227 πρικιος
1378 1179 1459 1204 =
1501 1148 1858 1230 πατρίκιος,
1925 1157 2195 1230 προκλῆς
2241 1181 2320 1206 -τ--
2366 1159 2764 1232 πατροκλῆς,

714 1252 989 1347 {Fit-comt
1022 1269 1485 1348 εστ-κυρῶσαι
1535 1273 1651 1334 etc.
1747 1269 1877 1334 Iam
1925 1269 2238 1334 videamus
2300 1270 2547 1354 quantis
2612 1293 2769 1336 erro-

713 1388 884 1453 ribus
951 1387 1104 1474 lapsi
1172 1388 1298 1452 sint
1343 1387 1460 1451 viri
1529 1387 1755 1452 eruditi
1822 1389 2045 1454 lineam
2105 1388 2267 1452 illam
2331 1390 2766 1454 horizontalem

716 1513 822 1571 aut
868 1506 1111 1572 incaute
1153 1508 1519 1594 negligendo
1567 1514 1676 1572 aut
1721 1509 1919 1573 alieno
1967 1509 2103 1573 loc-o
2149 1508 2528 1594 apponendo·

798 1627 988 1713 Saepe
1033 1614 1140 1694 —ss—(J
1196 1629 1383 1692 vertit
1442 1629 1508 1692 in
1568 1650 1906 1715 pronomen
1985 1628 2341 1708 relativum,
2399 1650 2572 1714 saepe
2619 1626 2769 1693 deus

708 1745 773 1810 in
833 1770 1188 1833 pronomen.
1280 1749 1451 1811 Nota
1520 1754 1613 1811 est
1679 1747 2161 1811 membranarum
2230 1747 2634 1833 discrepantia
2702 1747 2768 1811 in

708 1866 885 1931 Pauli
958 1868 1156 1954 Epist.
1214 1868 1248 1932 I
1317 1867 1394 1932 ad
1459 1867 1850 1931 Timotheum
1934 1864 2080 1953 Cap.
2152 1865 2257 1930 III
2326 1864 2402 1930 ad
2481 1867 2584 1930 fin.
2656 1866 2764 1930 καὶ

707 1985 1213 2065 ὁμολογουμένως
1277 1987 1456 2065 μέγα
1522 1986 1654 2050 ἐστὶ
1721 1987 1790 2050 ’τὸ
1838 1993 1948 2059 τῆς
2020 1985 2349 2063 εὐσεβείας
2405 1986 2760 2066 μυστήριον.

709 2105 880 2177 θεὸς
934 2105 1063 2192 (alii
1102 2104 1190 2190 ὃς)
1226 2106 1572 2188 ἐφανερώθη
1626 2107 1687 2170 ἐν
1729 2105 1945 2187 σοορκὶ,
1995 2105 2307 2181 ἐδικαιώθη
2340 2107 2400 2170 ε’ν
2447 2106 2764 2184 πνεύματι

708 2249 767 2289 κ.
802 2248 862 2289 τ.
897 2239 959 2289 λ.
1012 2224 1119 2290 ubi
1165 2224 1327 2307 θεὸς,
1398 2248 1555 2312 quae
1623 2232 1716 2290 est
1784 2225 2032 2313 vulgata
2098 2225 2310 2305 leoti0,
2381 2225 2769 2290 vehementer

709 2343 911 2410 turbat
966 2344 1286 2410 verborum
1357 2345 1629 2410 ordinem
1686 2352 1748 2410 et
1817 2367 2056 2410 nexum.
2150 2348 2238 2409 At
2302 2366 2500 2428 neque
2566 2343 2764 2409 solum

706 2487 1038 2551 pronomen
1086 2464 1415 2530 admodum
1452 2465 1673 2551 placet.
1766 2464 1913 2529 Ideo
1951 2464 2219 2551 cogitavi
2258 2487 2334 2528 an
2370 2447 2525 2528 forte
2561 2463 2766 2549 legen-

712 2582 859 2648 dum
909 2591 1101 2649 esset:
1151 2586 1321 2657 θεὸς
1373 2583 1471 2657 ὃς.
1569 2583 1684 2649 Nil
1743 2591 1946 2649 tamen
2004 2590 2206 2649 statuo
2223 2611 2241 2663 3
2306 2583 2548 2648 videant
2602 2582 2767 2649 docti

710 2704 985 2790 theologi
1028 2705 1143 2769 hoe
1190 2705 1485 2769 admoniti
1531 2728 1707 2791 saepe
1753 2727 1787 2768 a
1832 2704 1987 2768 male
2026 2703 2236 2768 sedulo
2286 2709 2615 2768 correctore
2658 2727 2768 2789 pro

713 2822 1125 2910 dittographia
1170 2824 1428 2889 deletam
1473 2846 1600 2888 esse
1648 2845 1803 2909 quae
1848 2845 1971 2887 non
2018 2828 2163 2888 erat.
2256 2822 2445 2887 Cuius
2491 2822 2577 2886 rei
2623 2822 2768 2885 niti·

713 2941 857 3007 dum
890 2943 1233 3029 exemplum
1278 2941 1565 3029 praebent
1612 2943 1840 3028 priores
1885 2942 2182 3007 editiones
2221 2941 2389 3006 Stob.
2426 2941 2554 3006 Eol.
2583 2941 2768 3027 Phys.

806 3060 1100 3143 Quaestio
1144 3062 1398 3149 ponitur
1446 3063 1513 3127 Τ.
1564 3063 1665 3143 ΙΙ,
1716 3061 1862 3149 Cap.
1895 3063 1960 3141 I,
2017 3065 2093 3127 17
2144 3084 2220 3125 an
2254 3061 2434 3126 homo
2468 3067 2650 3127 natus
2690 3060 2772 3125 sit

716 3182 864 3263 πρὸς
932 3182 1240 3247 κοινωνίαν
1302 3205 1507 3249 neone.
1599 3182 2018 3269 Respondetur
2062 3182 2206 3261 πρὸς
2268 3180 2596 3244 κοινωνίοον.
2653 3182 2767 3247 ὑπὸ

714 3302 914 3379 τίνοςς
986 3304 1100 3368 ὑπὸ
1169 3311 1281 3377 τῆς
1334 3302 1606 3384 φύσεως.
1702 3301 1883 3374 Τίνος
1952 3301 2131 3375 οὔσης
2192 3301 2297 3365 κοιὶ
2348 3301 2571 3377 ποίοοςς
2631 3303 2768 3368 διοι-

719 3426 941 3499 κούσης
983 3448 1070 3488 τοι
1117 3420 1259 3488 ὅλα.
1358 3424 1647 3508 Sequitur
1693 3422 1944 3487 deinde:
1993 3422 2096 3486 καὶ
2165 3425 2445 3502 πότερον
2503 3423 2684 3497 οὔσης
2735 3424 2768 3499 ἢ

718 3545 848 3623 μής
913 3544 1134 3607 Parum
1197 3549 1304 3608 aut
1357 3542 1514 3606 nihil
1559 3541 1622 3606 in
1666 3541 2048 3627 philosophis
2094 3541 2463 3622 mirandum,
2520 3543 2623 3607 sed
2671 3544 2772 3607 vix

723 3663 980 3749 cogitari
1039 3668 1239 3748 potest
1301 3663 1409 3746 qui
1467 3668 1591 3726 tam
1646 3661 1861 3725 stolide
1905 3661 2259 3747 disputaret.
2352 3661 2589 3726 Revoca
2636 3684 2772 3727 eum

721 3782 955 3848 Cobeto
1007 3781 1211 3846 literas
1267 3804 1418 3866 quae
1464 3782 1821 3846 exciderunt
1855 3781 1922 3845 θῦ
1970 3787 2111 3867 post
2154 3780 2405 3861 πότερον
2461 3787 2521 3846 et
2567 3781 2774 3845 statim

722 3902 924 3967 omnia
968 3924 1111 3966 sana
1156 3906 1333 3966 erunt
1378 3907 1437 3966 et
1482 3902 1818 3988 perspicua.

811 4022 1013 4087 Lubet
1066 4044 1228 4087 nuno
1273 4045 1344 4086 ex
1391 4021 1639 4087 Schedis
1685 4019 2216 4085 Valckenaerianis
2268 4020 2332 4084 in
2393 4021 2592 4085 lucem
2638 4042 2773 4107 pro-

723 4143 958 4209 trahere
1004 4143 1481 4209 emendationem
1532 4142 1581 4205 si
1621 4164 1741 4205 non
1791 4146 1997 4221 noer-to
2043 4138 2418 4220 certiorem''‚
2461 4148 2527 4203 ut
2568 4140 2740 4204 aiunt
2753 4184 2774 4219 ,-
