3320 5169
1511 578 1593 640 65

517 789 867 876 negligitur.
938 789 1091 853 Inde
1130 787 1496 853 nominativi
1531 794 1593 853 et
1640 789 1835 854 dativi
1882 791 2111 877 primae
2157 791 2580 859 declinationis

517 909 863 993 frequenter
908 907 1169 973 confusi.
1239 906 1598 994 Exemplum
1647 908 1786 973 dedi
1833 909 1977 995 Cap.
2015 910 2122 975 III
2136 961 2154 993 ‚
2203 911 2271 976 in
2305 911 2579 1000 Thucyd.

516 1026 651 1092 Lib.
692 1026 832 1107 ΠΙ,
882 1026 1030 1113 Cap.
1065 1029 1170 1092 82.
1244 1027 1565 1092 Caeterum
1613 1027 1680 1091 in
1725 1027 2141 1114 compluribus
2197 1030 2511 1098 codicibus
2560 1057 2577 1097 1

516 1146 713 1212 notari
753 1146 907 1211 solet
954 1169 1079 1210 uno
1129 1146 1224 1211 vel
1270 1145 1509 1212 duobus
1552 1146 1819 1233 punctis„
1878 1148 1951 1213 Id
1998 1171 2137 1215 cum
2172 1152 2265 1225 fit,
2295 1151 2581 1219 facillime

518 1267 772 1352 spiritus
827 1274 889 1331 et
950 1251 1227 1331 accentus
1281 1267 1678 1346 omittuntur,
1743 1275 2024 1352 certaque
2089 1269 2195 1334 lux
2252 1271 2430 1336 unice
2483 1295 2582 1338 ex-

517 1385 840 1472 spectanda
887 1386 954 1448 ἕκ
1001 1390 1119 1448 τῶν
1166 1385 1723 1467 συμφραζομένων.

605 1520 644 1568 λ
695 1510 762 1569 ut
822 1511 1034 1591 sponte
1092 1504 1459 1591 intelligitur
1513 1504 1805 1570 facillime
1862 1516 2271 1574 commutatur
2330 1532 2469 1575 cum
2507 1533 2582 1591 χ.

518 1622 817 1687 Idoneum
901 1623 1242 1709 exemplum
1321 1623 1567 1688 exhibet
1650 1623 1988 1689 Dorvillius
2083 1626 2435 1711 (Animadv.
2516 1628 2585 1693 in

518 1741 750 1808 Charit.
805 1765 866 1828 p.
919 1743 1072 1826 330)
1144 1742 1211 1806 in
1258 1742 1507 1806 vocibus
1575 1739 1795 1818 ἕληται
1872 1749 1934 1807 et
2002 1742 2256 1825 ἔχηται.
2350 1744 2429 1809 In
2474 1767 2583 1809 no-

520 1861 602 1925 tis
646 1883 1033 1926 numerorum
1093 1860 1479 1946 potissimum
1542 1861 1728 1925 multi
1797 1883 2023 1926 errores
2091 1843 2166 1930 ex
2231 1863 2349 1928 hoc
2417 1863 2584 1928 fonte

520 1980 849 2045 fluxerunt.

610 2099 704 2188 De
749 2098 788 2175 ξ
835 2105 896 2164 et
943 2099 983 2181 ζ
1026 2098 1166 2162 vide
1213 2098 1361 2185 Cap.
1410 2098 1536 2163 III.

613 2217 802 2303 Saepe
847 2228 972 2281 uno
1015 2216 1207 2282 duct-u
1255 2223 1574 2282 exarantur
1618 2216 1830 2283 literae
1874 2241 1944 2298 τρ
1996 2226 2058 2283 et
2101 2243 2160 2284 τι
2212 2218 2320 2306 qui
2366 2219 2587 2284 ductus

525 2336 877 2401 simillimus
920 2360 1047 2401 esse
1094 2343 1297 2423 potest
1344 2338 1571 2424 figurae
1610 2336 1669 2414 ξ.
1766 2339 1930 2403 Hinc
1977 2339 2181 2404 crebra
2221 2339 2589 2426 permutatio

527 2455 801 2532 inter'ES
848 2462 910 2521 et
957 2454 1082 2528 ἔτι,
1135 2455 1304 2532 ἄξιος
1354 2463 1416 2520 et
1463 2455 1681 2529 αἴτιος.
1773 2457 2393 2524 Animadvertendum
2440 2481 2590 2545 quo-

530 2598 648 2660 que
710 2576 878 2661 quod
936 2581 1140 2641 monet
1208 2574 1473 2640 Cobetus
1534 2576 1607 2641 de
1672 2577 1870 2642 verbis
1920 2577 2149 2655 ὄξύνειν
2205 2587 2267 2644 et
2314 2578 2589 2661 ’ὀτρύνειν

528 2694 689 2759 inter
735 2718 797 2759 se
852 2695 1092 2775 mixtiS‚
1161 2696 1347 2780 (Nov.
1396 2696 1566 2761 Lect.
1613 2720 1674 2782 p.
1726 2701 1807 2761 80
1857 2699 2007 2783 seq.)
2074 2699 2347 2785 exemplo
2411 2699 2590 2764 allato

530 2836 604 2878 ex
651 2813 916 2878 secundo
962 2813 1116 2878 libro
1165 2814 1666 2880 Maccahaeorum
1721 2815 1847 2896 IX,
1902 2818 1959 2882 7:
2024 2821 2144 2898 πῦρ
2209 2816 2402 2881 πνέων
2460 2826 2589 2890 τοῖς

530 2933 738 3009 θυμοῖς
803 2932 908 2996 καὶ
975 2933 1242 2997 κελεύων
1306 2934 1736 3012 ἐποξύνειν
1802 2938 1913 3011 τὴν
1978 2938 2224 3020 πορείαν
2294 2940 2388 3025 (L.
2448 2941 2589 3005 ἕπο-

442 3075 445 3076 ’
528 3050 812 3135 τρύνειν).

616 3171 894 3235 Errorem
962 3192 1035 3234 ex
1090 3170 1207 3233 hoc
1261 3193 1480 3255 genere
1527 3172 1679 3236 mihi
1739 3172 2201 3259 deprehendisse
2256 3176 2464 3241 videor
2525 3178 2593 3242 in

532 3289 794 3354 Scholiis
852 3290 928 3354 ad
987 3287 1106 3353 Od.
1165 3287 1252 3355 N.
1306 3291 1451 3355 174.
1547 3291 1749 3356 Verba
1811 3292 1959 3357 facit
2019 3315 2124 3357 rex
2174 3293 2471 3359 Alcinous
2527 3294 2590 3357 in

532 3409 696 3474 hunc
743 3408 1024 3480 modum:

625 3575 666 3644 ὦ
716 3578 937 3659 πόποι,
987 3573 1023 3652 ἦ
1070 3577 1259 3655 μάλα
1309 3580 1378 3653 δή
1408 3604 1509 3657 με
1557 3581 1960 3662 παλαίφατοι
2008 3582 2270 3664 θέσφαθ’
2299 3584 2498 3650 ἱκάνει

624 3700 858 3781 πατρὸς
908 3701 1094 3776 ἐμοῦ,
1149 3695 1210 3769 ὃς
1259 3698 1508 3779 ἔφασκε
1555 3700 1929 3765 Ποσειδάων’
1958 3701 2318 3780 abydo-sabat

627 3823 814 3898 ἡμῖν,
865 3818 1084 3886 οὕνεκα
1133 3819 1371 3898 πομποὶ
1420 3822 1740 3898 οἷοι-ἥμονες
1790 3822 1958 3901 εἰμὲν
2006 3822 2326 3889 ἁπάντων.

537 3999 639 4064 Ad
685 3999 903 4064 ultima
970 3999 1151 4064 verba
1218 3997 1583 4064 Scholiastes
1650 4005 1931 4068 annotat:
2004 3998 2097 4067 ὅτι
2164 4002 2267 4067 καὶ
2319 4008 2437 4067 τῶν
2487 4005 2591 4081 μὴ

539 4118 781 4208 οὲναξί
798 4143 885 4183 ων
931 4120 1273 4199 ἀπήμονες,
1322 4119 1410 4196 μὴ
1461 4120 1675 4191 ἐῶντες
1720 4122 1948 4193 αὐτοὺς
1983 4121 2428 4200 πημαίνεσθαι.
2483 4125 2595 4189 Fa-

537 4246 669 4305 teor
713 4239 860 4305 haec
909 4244 979 4304 ut
1039 4261 1204 4304 nunc
1257 4245 1400 4303 sunt
1460 4239 1666 4324 aliquo
1714 4240 1894 4306 modo
1955 4241 2246 4327 explicari
2290 4265 2496 4329 posse,
2544 4244 2596 4307 si

2302 4364 2325 4405 5
