3320 5169
1450 2127 1525 2209 L.
1580 2127 1651 2211 S.

614 2674 819 2755 Quam
865 2670 1176 2735 materiam
1222 2691 1332 2755 pro
1377 2667 1539 2731 virili
1585 2673 1759 2753 parte
1805 2673 2061 2735 tractare
2109 2671 2381 2751 institui,
2427 2671 2582 2736 Oan-

524 2793 664 2859 dide
722 2792 975 2870 Lector,
1041 2789 1252 2854 amicis
1320 2788 1469 2852 meis
1529 2787 1999 2874 studiorumque
2059 2789 2400 2856 fautoribus
2460 2814 2581 2856 non

526 2910 812 2977 omnibus
869 2931 1057 2994 aeque
1112 2909 1329 2994 placet.
1421 2906 1767 2972 Multorum
1825 2908 2056 2973 iudicio
2121 2910 2381 2997 diligens
2435 2912 2583 2977 boni

524 3031 783 3096 alicuius
845 3027 1151 3116 scriptoris
1212 3027 1629 3116 interpretatio
1690 3033 1797 3091 aut
1855 3027 2055 3093 brevis
2110 3030 2408 3096 factorum
2460 3054 2582 3098 me-

525 3149 902 3215 morabilium
950 3148 1249 3214 enarratio
1296 3147 1527 3211 sincera
1578 3146 1697 3210 fide
1754 3146 2096 3234 conscripta
2149 3172 2286 3214 cum
2332 3150 2429 3214 his
2473 3151 2584 3216 hu·
2632 3229 2637 3234 ⁴

525 3270 706 3335 meris
785 3269 1003 3334 fuisset
1076 3267 1271 3354 aptior
1337 3272 1468 3330 tum
1542 3265 1619 3329 ad
1692 3272 1933 3330 nostrae
2011 3268 2225 3331 aetatis
2306 3290 2545 3333 sensum
2565 3319 2583 3348 ,

526 3411 701 3476 quaet
726 3395 866 3453 ante
913 3387 1122 3452 omnia
1181 3407 1378 3451 rerum
1439 3405 1619 3466 usum
1687 3389 1954 3470 spectat,
2014 3383 2191 3471 longe
2252 3408 2585 3452 accommo-

525 3507 738 3572 datior.
830 3504 1224 3573 Contendunt
1292 3505 1453 3570 enim
1522 3503 1589 3568 in
1658 3503 1871 3568 critica
1931 3504 2051 3584 ista
2112 3507 2586 3585 ''coniecturali”

522 3631 661 3713 post
740 3630 836 3690 tot
916 3625 1234 3690 doctorum
1314 3625 1583 3689 virorum
1666 3623 2117 3689 lucubrationes
2201 3616 2588 3693 difficultates

523 3745 721 3810 inesse
791 3765 984 3831 prope
1055 3744 1413 3824 immensas,
1485 3765 1699 3829 parum
1768 3748 1876 3808 aut
1940 3744 2096 3809 nihil
2165 3748 2328 3831 quod
2403 3749 2589 3813 simul

526 3868 587 3928 et
647 3885 873 3928 novum
936 3867 997 3926 et
1071 3867 1302 3927 certum
1379 3862 1494 3941 sit3
1569 3861 2045 3941 '‘sublimiorem”
2107 3886 2247 3929 vero
2319 3851 2588 3931 criticam

527 4004 711 4067 quam
767 3987 1020 4058 vocant,
1084 3987 1248 4046 arcta
1307 3979 1760 4046 necessitudine
1828 4002 1966 4045 cum
2036 3983 2222 4047 altera
2283 3983 2388 4048 illa
2446 4007 2587 4050 con-

524 4103 794 4168 iunctam
812 4152 831 4181 ,
893 4107 1100 4167 nostra
1156 4101 1509 4188 praesertim
1570 4105 1861 4165 memoria
1906 4102 2190 4187 plurimis
2235 4102 2411 4168 rebus
2455 4129 2591 4191 gra·

528 4222 686 4287 viter
745 4222 1047 4288 nocuisse.

2297 4341 2321 4384 1
