3320 5169
1714 535 1793 597 16

977 744 1054 812 ὧν
1086 746 1514 825 Ἀγαθοκλῆος
1563 743 1785 811 λοὶσιαι
1834 745 2056 828 φρένες
2106 747 2357 823 ἤλασαν
2406 748 2523 830 ἔξω

978 867 1270 949 πατρίδος
1318 864 1602 947 ἀρχαίων
1651 859 1721 940 ἦν
1769 861 1859 933 δ’δ’
1905 867 2056 950 οένῆρ
2104 866 2437 951 προγόνων·

972 989 1139 1060 εἰδὼς
1189 989 1259 1052 ἐκ
1305 985 1590 1063 νεότητος
1637 987 1738 1052 ἀεὶ
1787 986 2068 1067 ξείνοισιν
2117 989 2360 1070 ὁμιλεῖν

974 1108 1194 1189 ξεῖνος.

790 1245 1029 1315 Deinde
1074 1244 1353 1330 sequitur
1395 1243 1462 1308 in
1508 1243 1835 1331 archetypo
1879 1244 2231 1312 Marcianot

1370 1395 2061 1474 μιμνερμουδεισεποσα

1377 1537 1616 1595 κρονιων

698 1676 853 1740 quae
897 1651 1195 1718 voeabula
1239 1649 1302 1714 in
1348 1649 1515 1714 huno
1559 1650 1807 1716 modum
1854 1650 2145 1718 exhibent
2192 1654 2568 1742 apographa:

968 1792 1318 1873 μιμνέρμου
1365 1792 1463 1857 δεῖ
1504 1816 1577 1856 σε
1625 1791 1796 1857 πόσα
1844 1793 2085 1875 κρονι’ων

964 1914 1348 1991 παιδομανεῖ
1389 1911 1500 1977 σὺν
1548 1910 1722 1993 ἔρωτι
1772 1913 1968 1988 πότην
2015 1913 2165 1981 ἴσον.
2219 1939 2279 1983 κ.
2306 1939 2366 1980 τ.
2395 1930 2459 1980 λ.

786 2066 1115 2161 Manifesto
1161 2069 1464 2150 corrupta.
1557 2062 1754 2129 Nullo
1819 2067 1982 2131 enim
2039 2073 2217 2153 pacto
2279 2066 2563 2153 explicari
2626 2089 2762 2153 pos-

697 2191 841 2250 sunt
888 2185 984 2250 δεῖ
1026 2209 1097 2249 σε
1145 2183 1313 2248 πόσα
1363 2182 1623 2263 κρονίων.
1711 2186 1798 2250 At
1841 2186 1995 2250 nihil
2040 2192 2244 2252 tamen
2290 2186 2759 2264 immutandum.

697 2304 860 2369 Satis
907 2308 999 2368 est
1047 2304 1374 2391 diligenter
1422 2303 1797 2368 considerare
1845 2304 1994 2389 quid
2039 2306 2331 2392 seriptum
2386 2306 2486 2372 sit.
2577 2306 2761 2386 Quod

698 2424 932 2510 primus
992 2422 1137 2488 fecit
1208 2421 1607 2488 Oasaubonus
1679 2423 2032 2509 (Animadv.
2096 2426 2238 2505 XV,
2302 2428 2430 2512 17).
2523 2426 2764 2511 Nempe

699 2544 1022 2631 legendum
1068 2566 1198 2610 esse
1246 2543 1434 2610 vidit:

1124 2677 1491 2759 Μιμνέρμου
1539 2679 1592 2743 δ’
1624 2680 1709 2751 εἷς
1760 2678 1902 2751 ἔπος
1951 2677 2134 2759 ἄκρον
2182 2682 2317 2754 ἰών,

700 2815 867 2903 quod
914 2817 1121 2881 statim
1171 2815 1445 2880 omnium
1494 2838 1790 2880 consensu
1837 2816 1902 2881 in
1952 2815 2221 2880 ordinem
2282 2823 2590 2904 receptum
2648 2825 2760 2884 est.

790 2934 1029 3001 Addam
1099 2958 1172 2999 ex
1243 2935 1557 2999 Athenaeo
1627 2933 1793 2998 aliud
1863 2934 2203 3021 exemplum
2276 2935 2429 3022 (VI,
2478 2939 2641 3016 261,
2688 2936 2759 3020 f.)

699 3054 1191 3134 Anaxandride8‚
1262 3054 1490 3119 nobilis
1554 3053 1897 3118 comoediae
1957 3054 2189 3119 mediae
2249 3061 2428 3141 poeta
2482 3057 2543 3120 ἐν
2598 3065 2759 3138 Φαρ-
2827 3085 2837 3094 ·

698 3171 1098 3252 μακομοέντει
1147 3147 1352 3260 ipsum
1411 3170 1956 3257 φαρμακόμαντιν
2017 3157 2326 3240 Verissime
2385 3176 2760 3244 iudicantem

697 3294 846 3359 facit
893 3294 1029 3375 περὶ
1079 3300 1191 3367 τῆς
1239 3294 1648 3377 οἶλαζονείαςε

920 3435 1011 3501 ἔτί
1061 3437 1189 3514 εἴμ’
1235 3437 1488 3519 ἀλαζὼν
1534 3439 1707 3501 τοῦτ’
1738 3439 2073 3519 ε’πιτιμᾷςς
2124 3437 2305 3500 οέλλοὶ
2353 3438 2448 3512 τίς

924 3562 1063 3639 νικᾷ
1114 3554 1239 3637 γὰρ
1291 3553 1452 3630 αὕτη
1500 3556 1618 3627 τας
1668 3555 1905 3636 τέχνας
1954 3553 2171 3627 ποὶσας
2222 3557 2384 3620 πολὺ

918 3676 1091 3755 μετὰ
1136 3676 1248 3750 τὴν
1297 3676 1658 3740 κολακείαν.
1709 3674 1813 3750 ἥδε
1860 3675 1975 3753 μὲν
2022 3674 2147 3756 γὰρ
2196 3675 2497 3759 διαφέρει.

784 3828 879 3894 En
926 3827 1113 3893 habes
1157 3826 1290 3913 ipsa
1335 3825 1520 3891 verba
1564 3830 1779 3912 poetae
1823 3824 1932 3890 ubi
1978 3826 2182 3891 omnia
2228 3833 2374 3893 sunt
2417 3826 2654 3914 integra
2699 3835 2762 3894 et

696 3948 1032 4035 perspicua.
1125 3946 1244 4011 Sed
1295 3945 1425 4010 noli
1488 3949 1705 4032 putare
1756 3943 2033 4010 librarios
2080 3947 2228 4012 haec
2273 3947 2453 4013 nobis
2498 3951 2621 4012 tam
2668 3947 2759 4013 in·

697 4071 862 4132 tacta
909 4088 1192 4132 servasse.
1285 4064 1597 4150 Scriptum
1642 4071 1734 4129 est
1778 4064 1843 4129 in
1891 4065 2248 4152 archetypo:

1362 4217 2091 4297 οὶλλατινικαιγαραυτη.
