3320 5169
1016 1543 1435 1644 CAPUT
1519 1541 2237 1644 SECUNDUM.

687 2318 830 2383 Non
878 2316 1146 2382 alienum
1201 2314 1441 2379 videtur
1500 2336 1662 2379 nunc
1723 2313 1992 2401 primum
2041 2314 2316 2380 omnium
2363 2337 2536 2402 agere
2582 2315 2657 2381 de

600 2437 896 2503 erroribus
943 2436 1089 2501 ortis
1143 2459 1212 2501 ex
1263 2434 1483 2498 vitiosa
1528 2433 1879 2518 sequiorum
1925 2435 2440 2520 pronuntiatione.

691 2555 945 2622 Vocales
1006 2562 1067 2621 et
1124 2555 1488 2643 diphthongi
1550 2553 1786 2634 affineS,
1836 2576 1989 2640 quae
2036 2554 2375 2639 antiquitus
2421 2554 2662 2620 diverso

600 2700 751 2742 sono
814 2677 1235 2756 efferebantur,
1305 2674 1559 2762 posteris
1619 2673 1995 2759 temporibus
2057 2674 2121 2737 in
2184 2674 2490 2739 communi
2544 2674 2631 2738 lin

597 2819 752 2883 guae
814 2796 1156 2882 corruptela
1207 2795 1586 2880 negligenter
1648 2793 1807 2856 inter
1866 2815 1929 2856 se
1998 2792 2288 2857 confundi
2348 2793 2652 2875 solebant,

598 2914 789 2980 donec
850 2915 1013 2978 omni
1075 2915 1317 2978 tandem
1373 2912 1721 2977 discrimine
1776 2909 2012 2975 sublato
2074 2911 2352 2976 evaderet
2417 2911 2657 2999 ingrata

597 3036 713 3099 ista
758 3033 1081 3114 μονοτσνίοι
1143 3056 1297 3119 quac
1358 3054 1529 3096 aures
1581 3037 1817 3094 nostras
1865 3037 1987 3093 tam
2039 3030 2423 3096 vehementer
2468 3032 2656 3096 offen-

597 3153 690 3217 dit
748 3154 819 3218 in
875 3153 1198 3238 depravata
1256 3150 1511 3215 dialecto
1571 3155 1690 3213 τῶν
1742 3154 1842 3212 νῦν
1875 3148 2210 3222 Ἑλλήνων.
2304 3147 2394 3212 Ut
2450 3149 2654 3233 loque-

593 3273 816 3338 bantur
860 3271 1144 3336 Graeculi
1184 3271 1270 3334 ita
1310 3268 1671 3333 scribebant.
1742 3267 1907 3330 Hinc
1947 3290 2156 3332 omnes
2194 3266 2448 3332 Codices
2478 3267 2654 3334 MSS.

596 3395 702 3478 qui
763 3399 1088 3479 supersunt
1134 3389 1531 3454 vetustissimi
1583 3387 1980 3452 recentissimi
2036 3387 2337 3451 fluctuant
2384 3387 2543 3450 inter
2589 3411 2651 3451 οιι

594 3516 655 3575 et
702 3536 729 3574 ε
787 3516 849 3575 et
905 3511 1064 3574 inter
1123 3536 1195 3583 η,
1259 3534 1307 3581 ι,
1375 3532 1423 3572 ει
1454 3511 1611 3593 (tec),
1679 3532 1743 3579 υ,
1810 3531 1858 3571 οι
1919 3529 2116 3591 neque
2177 3507 2509 3592 quidquam
2567 3516 2657 3573 est

593 3638 719 3696 tam
748 3659 761 3676 =
788 3631 1116 3697 ridiculum
1195 3653 1375 3715 quam
1448 3631 1513 3694 in
1582 3629 1802 3694 talibus
1868 3628 2161 3694 librorum
2231 3631 2654 3695 auctoritatem

593 3750 897 3837 suspicere
941 3751 1006 3814 in
1072 3750 1293 3834 quibus
1339 3748 1493 3813 nihil
1538 3754 1631 3811 est
1678 3748 2002 3834 praesidii3
2070 3748 2259 3812 multo
2315 3749 2509 3832 magis
2554 3771 2654 3834 pe-

593 3891 700 3934 nes
748 3870 1007 3933 editores
1053 3875 1146 3933 est
1187 3868 1490 3952 quomodo
1533 3867 1819 3952 quodque
1866 3866 2225 3930 vocabulum
2273 3866 2655 3931 scribendum

593 3989 676 4053 sit
721 4012 794 4054 ex
842 3988 1138 4072 cuiusque
1192 3987 1309 4051 loci
1357 3986 1655 4050 sententia
1703 3992 1765 4050 et
1825 3991 1986 4049 certa
2044 3985 2407 4049 Graecitatis
2454 3987 2655 4050 analo-

593 4109 692 4194 gia
738 4114 1017 4172 accurate
1064 4107 1335 4172 definire.
1404 4107 1625 4190 Neque
1672 4127 1765 4170 res
1804 4112 1900 4169 est
1949 4105 2095 4169 adeo
2143 4105 2404 4171 difficilis
2418 4155 2436 4185 ‚
2484 4106 2655 4171 dum-

593 4227 774 4291 modo
843 4226 1008 4290 omni
1070 4225 1506 4311 superstitione
1552 4246 1777 4289 vacuus
1823 4222 1903 4287 sit
1947 4223 2183 4288 animus
2229 4230 2289 4288 et
2334 4223 2448 4288 hoc
2494 4235 2654 4313 agat.
