3320 5169
1620 461 1700 525 76

632 675 824 742 aliud.
893 675 1064 757 Quid
1109 675 1344 740 multa?
1392 696 1505 761 ope
1541 672 1960 739 Valckenaerii
2008 695 2224 738 manus
2269 678 2482 760 poetae
2526 696 2691 740 revo-

635 796 757 862 cari
801 801 1021 883 potest.
1111 795 1225 861 Est
1283 796 1350 860 in
1403 794 1655 860 Schedis
1712 795 1858 859 haec
1903 793 2259 860 brevissima
2304 793 2691 859 annotatiun-

633 916 800 981 cula:
854 913 1117 995 ''Aesch.
1164 913 1345 979 Eum.
1396 915 1521 979 570
1569 907 1669 977 οὖν
1715 911 1787 978 L.
1823 935 2012 978 ουνου.
2104 912 2285 994 Quod
2331 912 2691 998 ingeniosis-

631 1036 854 1103 simum
895 1034 1212 1100 inventum
1254 1033 1462 1098 statim
1508 1032 1658 1097 mihi
1705 1031 2001 1119 placebat.
2069 1032 2160 1097 Re
2205 1031 2356 1097 bene
2399 1053 2691 1118 perpensa

630 1161 702 1220 ut
755 1177 958 1241 spero,
1007 1174 1290 1218 numeros
1336 1151 1403 1216 in
1446 1152 1611 1216 hunc
1659 1151 1905 1216 modum
1951 1151 2289 1217 constituo:

901 1445 1046 1531 κᾷτ’
1079 1450 1153 1511 οὐ
1171 1469 1348 1528 ροινο
1376 1450 1408 1510 ῦ
1458 1444 1731 1526 διάτορος
1782 1447 1866 1531 (ἦ)
1914 1446 2242 1526 ‘rupo-numa?

898 1566 1194 1646 σάλπιγξ
1238 1567 1287 1645 ,Β
1304 1591 1331 1647 ρ
1350 1591 1375 1631 ο
1394 1592 1434 1632 τ
1454 1592 1482 1630 ε
1500 1568 1522 1631 ι’
1541 1592 1566 1631 ο
1589 1592 1621 1631 υ
1672 1567 2031 1644 πνεύμονι-ος
2079 1567 2469 1647 πληρουμένη

896 1688 1214 1770 ὑπέρτονον
1262 1690 1519 1768 γήρυμοο
1567 1685 1846 1768 φαινέτω
1897 1687 2167 1766 στροιτῷ.

718 1868 967 1933 Excidit
1011 1874 1081 1933 ut
1126 1867 1370 1932 videtur
1417 1865 1643 1953 syllaba
1698 1866 1878 1952 longa
1940 1865 2004 1929 in
2059 1865 2212 1952 pede
2268 1872 2483 1950 quarto
2531 1867 2693 1951 quod

631 1989 964 2053 sexcenties
1030 1989 1258 2053 factum
1328 2009 1464 2050 cum
1534 1985 1714 2049 litera
1776 1993 1830 2047 H
1895 1991 2036 2049 ante
2083 1991 2173 2046 TI
2221 1991 2282 2049 et
2329 1991 2443 2047 TT
2514 1985 2694 2070 (Vide

630 2107 775 2194 Cap.
822 2106 976 2193 III).
1073 2107 1249 2170 Hanc
1310 2105 1500 2190 igitur
1554 2103 1785 2169 inserui
1833 2104 1907 2167 de
1966 2125 2121 2168 meo,
2213 2103 2398 2184 Quod
2454 2110 2694 2169 rectene

630 2250 704 2290 an
750 2227 975 2291 iniuria
1019 2226 1262 2291 fecerim
1317 2225 1613 2289 iudicium
1660 2222 1951 2309 permitto
1998 2223 2237 2303 lectori,
2288 2224 2394 2307 qui
2442 2224 2494 2287 si
2540 2246 2694 2289 erra·

633 2367 775 2409 vero
824 2345 1009 2409 velim
1058 2346 1303 2410 meliora
1350 2367 1445 2409 me
1493 2344 1728 2408 doceat.

721 2464 927 2530 Litera
989 2475 1040 2528 X
1121 2465 1221 2529 cui
1292 2442 1636 2550 implexum
1707 2468 1798 2526 est
1859 2485 1888 2542 ρ
1950 2463 2254 2549 significat
2319 2464 2533 2544 χρόνος
2597 2464 2696 2528 vel

633 2586 889 2664 χριστὸς
932 2586 1025 2650 vel
1061 2586 1291 2666 χρυσὸς
1331 2584 1427 2648 vel
1461 2580 1914 2663 χρυσόστομος.
1990 2583 2380 2649 Confusionis
2426 2584 2696 2671 exempla

633 2727 766 2768 rara
820 2711 964 2769 sunt
1009 2711 1074 2768 at
1119 2710 1446 2769 occurrunt
1492 2708 1725 2781 tamen,
1775 2702 2096 2788 singularis
2150 2704 2554 2778 οένοιισθησιάς
2603 2705 2694 2768 in-

635 2823 813 2887 dicia.
906 2823 1053 2887 Fuit
1092 2846 1148 2888 v.
1176 2846 1225 2887 o.
1269 2822 1375 2907 qui
1415 2821 1690 2885 Platonis
1729 2820 1928 2885 locum
1969 2845 2040 2886 ex
2071 2823 2221 2888 libro
2262 2825 2334 2888 de
2373 2825 2564 2910 Legg.
2592 2824 2692 2904 II,

634 2966 696 3028 p.
747 2944 870 3008 672
900 2943 969 3007 O.
1017 2942 1105 3006 ita
1156 2943 1380 3029 legeret
1416 2944 1495 3027 2);
1546 2943 1606 3005 ἐν
1656 2942 1853 3021 τούτῳ
1900 2942 1970 3015 δὴ
2018 2947 2102 3023 τῷ
2154 2946 2693 3026 χρυσοστόμῳ

636 3054 768 3141 ἐνῷ
808 3064 996 3138 μήπω
1047 3063 1345 3135 κέκτηται
1392 3064 1501 3134 τὴν
1550 3062 1779 3125 οἰκειόον
1828 3062 2140 3142 Φρόνησιν.
2239 3066 2524 3130 Eiusdem
2570 3072 2697 3131 erat

636 3181 835 3267 paullo
897 3181 1054 3245 infra
1108 3204 1380 3247 exarare:
1449 3180 2018 3261 χρυσόστομος
2086 3185 2211 3264 γὰρ
2283 3186 2347 3247 οὐ
2421 3184 2693 3250 διδάσκει

634 3300 925 3382 φρόνησιν
974 3301 1152 3366 οὶλλοὶ
1199 3301 1391 3383 φύσις
1445 3304 1549 3367 καὶ
1604 3306 1735 3382 ὀρθὴ
1788 3303 2045 3368 δίκη-οι]

725 3421 952 3486 Crebro
1024 3421 1249 3486 librarii
1332 3429 1592 3488 utuntur
1670 3429 1815 3487 nota
1894 3424 2155 3507 quadam
2231 3423 2699 3509 tachygraphica

639 3561 792 3622 quae
863 3538 963 3601 hic
1031 3538 1193 3623 typis
1262 3542 1693 3625 repraesentari
1763 3564 1881 3604 non
1953 3548 2171 3627 potest.
2269 3541 2525 3606 Ponitur
2589 3564 2697 3627 pro

714 3869 752 3936 ¹)
809 3865 972 3921 Metti
1011 3883 1174 3921 causa
1210 3866 1276 3923 cf.
1316 3886 1358 3922 e.
1386 3885 1430 3924 c.
1470 3867 1656 3939 Eurip.
1696 3868 1884 3925 Troad.
1923 3888 1975 3925 v,
2015 3870 2143 3924 501:

1009 3960 1237 4012 πέπλων
1281 3956 1605 4027 λακίσματ’
1645 3956 1870 4027 ἀδόκιμ’
1904 3959 2118 4029 ὀλβίοις
2159 3957 2332 4032 ἔχειν.

713 4047 753 4117 ²)
813 4047 880 4102 In
917 4048 1226 4120 Appendice
1262 4048 1500 4104 Florent.
1537 4047 1735 4104 Parall.
1776 4049 1917 4103 Sacr.
1956 4048 2037 4104 Io.
2063 4049 2308 4106 Damaso.
2344 4070 2375 4105 a
2404 4052 2701 4110 Gaisfordio

644 4131 792 4191 Stob.
818 4133 1002 4192 Floril.
1039 4134 1280 4191 subiecto
1316 4154 1368 4208 p.
1406 4137 1469 4202 4,
1507 4153 1536 4191 c
1574 4137 1629 4191 et
1665 4154 1720 4207 p.
1745 4136 1843 4203 14,
1875 4153 1919 4192 r.
1962 4135 2041 4191 Cf.
2069 4135 2197 4193 Cob.
2220 4137 2517 4197 Var.Lect.
2538 4160 2590 4212 p.
2614 4142 2702 4198 14.

3257 1756 3266 1805 ι.)-
