3320 5169
1711 557 1793 619 66

725 766 803 835 ad
843 765 1110 844 ἀναξίων
1140 767 1514 853 suppleveris
1547 766 2001 845 πημαίνεσ-θαι,
2052 767 2157 832 sed
2200 767 2589 833 verisimilius
2627 768 2777 833 mibi

722 887 964 954 videtur
1006 893 1123 953 τῶν
1173 889 1276 965 μὴ
1323 887 1737 953 ἀναιτίων.

804 1032 842 1089 ρ
888 1008 1179 1074 facillime
1243 1008 1642 1073 confunditur
1701 1029 1838 1072 cum
1889 1030 1946 1084 o,
2010 1006 2297 1092 quoniam
2346 1007 2551 1073 tenuis
2599 1009 2777 1073 nnci-

723 1126 907 1192 nulus
953 1127 1136 1193 huius
1180 1127 1388 1192 literae
1426 1126 1539 1191 sub
1590 1125 1967 1190 rotunditate
2012 1124 2392 1206 παραλόγως
2442 1148 2639 1191 crassa
2670 1127 2777 1192 vix

724 1245 1009 1312 cernitur.
1101 1245 1346 1311 Nomen
1406 1246 1717 1333 proprium
1788 1244 1981 1310 Οἵνων
2034 1245 2176 1311 inde
2238 1246 2402 1331 quod
2465 1245 2777 1333 legebatur

721 1364 870 1430 olim
911 1365 1071 1452 apud
1107 1365 1439 1430 Isocratem
1477 1388 1549 1430 ex
1586 1365 2068 1452 Harpocratione
2101 1373 2436 1432 correctum
2474 1367 2540 1431 in
2570 1365 2771 1431 Ῥίνων

725 1484 889 1570 (vide
934 1484 1130 1571 Harp.
1174 1485 1242 1550 in
1288 1508 1435 1551 voce
1481 1507 1621 1550 cum
1670 1492 1812 1550 nota
1859 1486 2213 1571 Maussaci).

809 1628 881 1686 ‘tp
926 1604 980 1669 si
1037 1627 1154 1671 uno
1191 1603 1375 1669 ductu
1417 1611 1759 1685 exarant-ur,
1809 1629 1849 1669 τ
1895 1605 2201 1671 interdum
2247 1629 2281 1670 a
2326 1629 2355 1687 ρ
2404 1605 2773 1671 absorbetur„

722 1725 910 1807 Quod
953 1730 1025 1789 ut
1069 1725 1188 1791 tibi
1224 1724 1582 1812 persuadeas
1628 1747 1874 1811 prorsus
1924 1747 2165 1790 necesse
2210 1731 2302 1789 est
2345 1724 2542 1790 varias
2587 1725 2773 1812 serip-

722 1853 888 1911 turas
955 1868 1030 1911 ex
1097 1846 1248 1933 ipsis
1317 1844 1490 1910 libris
1532 1844 1715 1910 MSS.
1762 1844 2107 1910 observasse
2122 1896 2140 1925 ‚
2200 1867 2340 1910 nam
2396 1845 2647 1909 formam
2701 1866 2771 1923 τρ

717 1988 916 2051 neque
953 1965 1132 2030 facile
1185 1964 1584 2030 describerem
1630 1986 1829 2050 neque
1866 1964 2029 2052 typis
2073 1965 2501 2050 repraesentari
2547 1971 2772 2051 posset.

718 2081 919 2148 Multo
989 2083 1189 2148 adhuc
1263 2084 1638 2170 frequentior
1707 2090 1796 2148 est
1871 2083 2212 2149 contrarius
2288 2106 2470 2150 error.
2583 2084 2775 2149 Cuius

718 2201 1093 2266 luculentum
1142 2201 1485 2288 exemplum
1534 2203 1781 2290 praebet
1827 2202 2165 2288 Xenophon
2220 2203 2409 2288 (Hell.
2453 2201 2590 2268 Lib.
2645 2203 2740 2269 VI
2753 2253 2774 2284 ‚

721 2323 791 2398 5,
845 2321 908 2405 7)
958 2318 1063 2384 ubi
1116 2326 1256 2384 ante
1300 2320 1648 2386 Dobraeum
1698 2320 2016 2386 edebatur:
2066 2323 2403 2399 ἡττώμενοι
2453 2324 2504 2386 δ’
2535 2324 2585 2386 οἱ
2636 2323 2772 2404 περὶ

720 2438 825 2503 τὸν
872 2437 1166 2519 Πρόξενον
1213 2438 1319 2503 καὶ
1370 2438 1722 2517 Καλλίβιον
1767 2442 1826 2504 ἐν
1873 2449 1999 2514 τοῖς
2049 2440 2448 2522 θεάτροις.
2542 2442 2777 2529 Legen-

719 2558 904 2624 dum:
971 2559 1031 2623 ἕν
1089 2567 1216 2632 τοῖς
1284 2560 1599 2640 θεαροῖς
1631 2561 1704 2645 1).
1802 2559 1965 2626 Nam
2025 2561 2221 2643 θεωροὶ
2285 2566 2449 2627 certa
2501 2560 2781 2649 analogia

720 2679 944 2744 Dorice
989 2680 1361 2766 appellantur
1407 2680 1624 2761 θεαροί.
1721 2680 1910 2746 Aliud
1971 2682 2309 2769 exemplum
2374 2680 2662 2748 habemus
2713 2681 2781 2747 in

720 2796 1006 2862 Isocratis
1049 2798 1499 2863 Panathenaico
1557 2800 1591 2884 ᾧ
1642 2802 1748 2863 50.
1841 2799 2107 2865 Exhibet
2166 2798 2460 2865 Urbinas:
2526 2803 2609 2872 εἰς
2668 2801 2781 2874 τὴν

726 2916 1099 2998 ναυμαχίαιν
1147 2920 1260 2992 τὴν
1316 2920 1668 2995 ποιήσασαν
1719 2919 2018 2998 τροπὴν
2083 2917 2362 2993 ἅπαντας
2423 2926 2530 2986 τοῦ
2595 2920 2782 2986 πολέ-

727 3060 879 3114 μου,
930 3036 1145 3122 reliqui
1191 3039 1427 3104 codices
1474 3041 1745 3121 ῥοπὴν,
1794 3040 1952 3125 quod
1999 3039 2179 3127 longe
2223 3046 2505 3127 praestat.

820 3160 876 3239 φ
925 3180 1164 3244 quoque
1201 3181 1276 3223 ex
1320 3160 1514 3245 figura
1543 3184 1614 3241 τρ
1662 3166 1878 3225 natum
1918 3182 2078 3240 esse,
2120 3160 2281 3244 quod
2324 3182 2787 3225 commemorare

729 3276 959 3344 oblitus
1018 3284 1111 3342 est
1177 3278 1456 3360 BastiuS,
1529 3303 1651 3344 non
1714 3280 1935 3344 mirum
1995 3286 2106 3343 est.
2200 3278 2367 3343 Hinc
2424 3279 2657 3343 factum
2717 3286 2789 3345 ut

734 3397 1147 3484 compluribus
1191 3396 1341 3462 locis
1387 3421 1496 3486 pro
1543 3406 1898 3479 -τραγεῖν
1939 3404 2278 3479 -φαγεῖν
2326 3397 2582 3485 legatur.
2656 3399 2789 3463 Pri-

735 3539 871 3581 mus
933 3517 1098 3601 quod
1158 3518 1343 3582 sciam
1404 3518 1565 3582 hunc
1626 3541 1891 3584 errorum
1959 3519 2187 3584 fontem
2240 3519 2479 3604 aperuit
2523 3518 2789 3583 Cobetus

731 3635 798 3700 in
841 3636 1014 3700 Nov.
1061 3634 1232 3700 Lect.
1281 3658 1340 3721 p.
1395 3637 1517 3701 175
1591 3636 1700 3702 ubi
1768 3639 1939 3703 affert
2006 3638 2130 3703 duo
2189 3636 2458 3724 exempla
2511 3660 2584 3703 ex
2644 3637 2790 3702 Plu·

730 3754 942 3819 tarcho
1005 3751 1078 3819 de
1143 3777 1394 3838 quorum
1450 3756 1872 3822 emendatione
1920 3757 2160 3842 liquido
2206 3762 2441 3822 constat
2486 3781 2560 3823 ex
2611 3758 2790 3824 Livio

730 3880 792 3939 et
837 3873 893 3941 Ι.
941 3871 1349 3957 Obsequente.
1444 3875 1602 3940 Vide
1647 3876 1808 3962 apud
1852 3877 2076 3963 ipsum.

799 4247 840 4318 ι)
896 4244 977 4302 cf.
1014 4243 1178 4301 Dobr.
1216 4243 1354 4299 Adv.
1394 4204 1610 4315 1‚'pag.
1649 4243 1773 4298 129.
