3320 5169
1660 511 1745 571 26

676 724 754 790 Id
801 725 1005 811 ipsum
1065 730 1267 788 tamen
1326 723 1535 809 paucis
1590 723 1915 811 contingit.
2009 722 2187 789 Valet
2246 728 2592 790 etiamnunc
2659 725 2733 790 de

678 845 891 909 multis
936 842 1305 909 editionibus
1363 842 1568 908 inutili
1615 843 2085 930 discrepantium
2139 844 2573 931 scripturarum
2618 844 2734 909 far·

676 963 884 1052 ragine
957 960 1357 1044 ''instructis’'
1409 963 1572 1049 quod
1640 963 1951 1030 verissime
2018 964 2437 1051 pronuntiavit
2496 964 2734 1030 Dorvil·

676 1081 831 1149 lius:
906 1082 992 1168 (in
1055 1082 1287 1147 Charit.
1343 1105 1403 1168 p.
1454 1084 1607 1168 683)
1682 1085 1804 1163 ''In
1870 1083 2083 1170 primis
2150 1083 2521 1150 editionibus
2586 1085 2735 1149 haec

679 1201 883 1267 omnia
930 1202 1116 1266 fuisse
1174 1208 1409 1267 retenta
1465 1202 1630 1266 haud
1687 1203 2189 1289 improbandum,
2260 1203 2442 1269 etiam
2498 1204 2734 1289 antiqui

677 1323 936 1388 alicuius
983 1322 1476 1409 orthographiam
1525 1322 1752 1387 codicis
1813 1323 2215 1388 animadverti
2261 1324 2586 1389 utilitatem
2632 1325 2734 1388 ha-

678 1441 911 1523 buerit,
969 1448 1039 1506 ut
1093 1441 1319 1507 saeculi
1381 1464 1607 1506 morem
1670 1442 1972 1507 scribendi
2036 1451 2097 1508 et
2142 1443 2283 1509 inde
2329 1444 2530 1509 fontes
2576 1467 2734 1510 erro·

677 1584 811 1626 rum
868 1560 1229 1648 cognoscere
1277 1560 1688 1640 addiscamUS,
1735 1568 1797 1626 at
1846 1567 1967 1626 tam
2014 1562 2207 1627 futilis
2254 1573 2314 1628 et
2360 1586 2515 1649 quae
2559 1586 2735 1627 num-

679 1704 861 1766 quam
942 1681 1134 1745 doctis
1214 1680 1606 1767 scriptoribus
1683 1681 1934 1767 probata
2003 1683 2084 1746 sit
2164 1688 2223 1746 et
2292 1682 2429 1746 unis
2508 1683 2735 1769 ignaris

676 1800 941 1865 librariis
998 1799 1283 1865 debeatur
1340 1800 1550 1880 lecti0,
1611 1822 1720 1865 cur
1778 1799 2229 1887 propagetur’'?
2319 1800 2570 1887 Optima
2631 1802 2734 1867 ob·

678 1922 941 1985 servatio
987 1927 1049 1985 et
1101 1943 1336 1984 summo
1385 1921 1517 1984 viro
1577 1921 1797 2005 digna3
1847 1943 1969 2005 quo
2014 1922 2207 2007 magis
2258 1922 2597 1986 mirandum
2645 1929 2737 1986 est

677 2042 1032 2106 tralaticiam
1099 2041 1379 2106 codicum
1436 2041 1858 2105 auctoritatem
1917 2041 2032 2126 ipsi
2080 2040 2384 2105 Dorvillio
2434 2041 2735 2106 interdum

679 2168 803 2225 tam
851 2160 1089 2245 egregie
1135 2160 1497 2246 imposuisse
1540 2163 1611 2245 ¹).
1708 2158 1865 2240 Qui,
1916 2166 1988 2223 ut
2031 2161 2149 2225 hoc
2195 2167 2360 2239 utar,
2419 2183 2559 2245 pag.
2609 2163 2733 2224 695

679 2302 801 2343 non
850 2279 1091 2343 criticos
1138 2286 1376 2343 tantum
1435 2279 1539 2343 sed
1594 2279 1786 2365 ipsam
1849 2301 2054 2344 sanam
2102 2279 2372 2344 criticam
2419 2301 2560 2364 prae
2608 2280 2737 2343 vul·

680 2403 820 2484 gata
865 2398 1124 2464 lectione
1172 2421 1448 2486 spernere
1494 2398 1644 2463 mihi
1686 2399 1925 2464 videtur
1956 2398 2061 2464 ubi
2111 2399 2309 2463 multo
2356 2398 2736 2465 ambitiosius

682 2541 861 2605 quam
918 2519 1217 2583 efficacius
1274 2519 1544 2584 defendit
1605 2518 1746 2583 libri
1798 2519 1934 2584 MS.
2000 2517 2168 2588 unici
2227 2520 2503 2593 καινὴν
2555 2519 2735 2584 istam

683 2638 1064 2722 ζηλοτυπίαν
1114 2645 1321 2704 contra
1368 2640 1599 2713 κενὴν
1648 2639 2031 2721 ζηλοτυπίαν
2080 2640 2446 2708 Charitonis.
2535 2643 2738 2727 Atque

682 2762 858 2848 plura
902 2760 1165 2846 proferre
1207 2782 1442 2846 possem
1488 2759 1758 2825 eiusdem
1806 2758 2034 2824 farinae
2086 2760 2136 2824 si
2183 2766 2311 2825 tam
2357 2761 2504 2826 utile
2556 2783 2736 2846 quam

683 2878 857 2943 facile
894 2883 1069 2944 esset.
1141 2878 1259 2943 Sed
1303 2878 1460 2943 nihil
1507 2901 1660 2966 opus
1709 2885 1800 2942 est
1839 2878 2107 2943 virorum
2154 2878 2469 2945 doctorum
2516 2903 2740 2945 errores

684 2998 760 3062 de
807 2997 1106 3062 industria
1151 3020 1478 3085 exponere3
1544 2999 1631 3063 ita
1684 3004 2050 3064 statuamus:
2103 2999 2403 3064 vocalium
2460 3006 2523 3065 et
2567 3002 2740 3088 diph-

684 3119 1046 3204 thongorum
1098 3117 1593 3205 orthographiam
1641 3118 1834 3183 nostri
1885 3117 2117 3203 ubique
2167 3141 2294 3183 esse
2340 3119 2571 3184 arbitrii
2588 3146 2607 3199 3
2654 3121 2741 3184 sic

685 3240 929 3304 demum
992 3238 1139 3325 quid
1201 3260 1443 3324 quoque
1487 3238 1619 3303 loco
1666 3260 1875 3303 verum
1924 3237 2007 3302 sit
2054 3237 2203 3323 quid
2249 3236 2467 3303 falsum
2514 3239 2607 3303 vel
2653 3240 2741 3303 in-

685 3359 833 3422 vitis
877 3358 1241 3424 membranis
1288 3359 1449 3444 apud
1496 3381 1705 3423 omnes
1742 3359 1953 3423 harum
1985 3380 2183 3422 rerum
2230 3358 2463 3423 iudices
2509 3358 2743 3443 liquido

688 3477 1008 3542 constabit.
1103 3477 1234 3541 Iam
1296 3477 1458 3562 quod
1519 3478 1818 3542 contendo
1885 3475 2117 3541 idoneis
2165 3477 2454 3562 exemplis
2500 3478 2742 3542 demon-

688 3604 873 3663 strare
922 3595 1200 3661 conabor.

762 4009 802 4077 ¹)
859 4008 1317 4082 παραδείγματος
1362 4009 1522 4066 ἕνεκα
1566 4009 1951 4082 inspiciendum
2001 4009 2143 4081 quod
2197 4014 2378 4065 narrat
2413 4011 2479 4067 de
2506 4016 2751 4082 pullariis

691 4099 1010 4171 quibusdam
1048 4101 1104 4156 in
1140 4101 1327 4156 castris
1366 4099 1593 4157 Persicis
1633 4103 1707 4172 (p.
1741 4103 1863 4171 588)
1902 4099 1996 4155 ubi
2027 4100 2092 4155 cf.
2121 4099 2252 4155 Cob.
2276 4100 2340 4155 de
2367 4102 2496 4155 Arte
2522 4102 2749 4173 Interpr.

691 4206 743 4259 p.
782 4189 851 4245 74
889 4204 997 4258 seq.
