3320 5169
1153 1437 1576 1536 CAPUT
1658 1436 2267 1535 TERTIUM.

1536 1837 1899 1846 .—.-—.—-—-—-

765 2136 1034 2219 Agemus
1094 2134 1212 2197 hoc
1275 2133 1472 2219 capite
1530 2132 1605 2197 de
1670 2131 1904 2196 mendis
1950 2131 2110 2196 natis
2163 2155 2235 2196 ex
2283 2132 2579 2219 scriptura
2625 2156 2734 2197 un·

674 2253 846 2330 ciali,
894 2275 1049 2337 quae
1096 2253 1298 2316 omnia
1344 2252 1527 2316 etiam
1574 2252 1638 2315 in
1687 2250 2085 2316 minusculam
2134 2273 2196 2316 se
2241 2250 2580 2316 insinuasse
2628 2251 2733 2315 vix

678 2394 834 2459 opus
900 2377 995 2436 est
1053 2378 1124 2434 ut
1187 2392 1458 2461 moneam
1500 2371 1573 2455 1).
1662 2370 1896 2435 Deinde
1957 2369 2280 2456 separatim
2339 2368 2731 2434 tractabimus

675 2513 902 2556 errores
946 2491 1221 2577 proprios
1267 2489 1598 2554 characteri
1644 2487 1854 2574 ligato·

765 2610 933 2692 Quid
999 2610 1121 2674 sint
1180 2609 1390 2674 literae
1444 2610 1715 2674 unciales
1773 2609 2013 2695 copiose
2070 2610 2344 2693 disputat
2405 2607 2732 2673 Montefal-

675 2729 887 2795 conius
961 2730 1300 2817 (Palaeogr.
1365 2728 1472 2794 Gr.
1545 2752 1684 2815 pag.
1745 2727 1869 2814 XI)
1941 2752 2104 2813 „qua
2173 2751 2320 2794 voce
2382 2725 2588 2791 nescio
2656 2750 2731 2792 an

677 2848 984 2934 quispiam
1022 2856 1163 2916 ante
1194 2848 1634 2934 Hieronymum
1677 2847 1759 2911 sit
1795 2869 1972 2912 usust
2019 2846 2094 2912 de
2131 2846 2481 2912 auctoribus
2516 2847 2735 2933 loquor

679 2989 942 3051 quorum
1002 2968 1224 3055 scripta
1280 2973 1632 3053 supersunt:
1686 2965 1996 3053 siquidem
2058 2973 2197 3031 ante
2257 2966 2342 3031 H.
2401 2965 2732 3031 adhibitam

675 3086 897 3168 fuisse,
946 3087 1072 3174 ipse
1121 3088 1205 3153 H.
1253 3086 1466 3152 suadet
1509 3086 1577 3150 in
1621 3085 2007 3150 Praefatione
2052 3084 2193 3150 libri
2239 3085 2379 3151 Iob.
2419 3084 2732 3165 Habeant,

674 3206 912 3291 inquit,
974 3207 1081 3293 qui
1129 3207 1349 3272 volunt
1398 3213 1624 3271 veteres
1684 3205 1875 3271 libros
1920 3206 2021 3270 vel
2074 3204 2140 3269 in
2186 3204 2550 3270 membranis
2596 3227 2733 3291 pur-

674 3327 880 3411 pureis
926 3348 1071 3391 auro
1111 3330 1484 3412 argent-oque
1521 3324 1855 3411 descriptos
1895 3322 1991 3388 vel
2028 3316 2398 3404 uncialibus,
2446 3329 2516 3387 ut
2558 3323 2732 3405 vulyo

674 3446 885 3525 aiunt,
937 3446 1132 3511 literis
1185 3467 1368 3514 onera
1422 3444 1613 3530 magis
1658 3450 1899 3509 exarata
1959 3465 2140 3528 quam
2201 3442 2461 3509 codiceS.
2506 3481 2594 3493 —
2639 3443 2733 3508 De

676 3565 845 3630 vocis
903 3565 1138 3651 origine
1194 3588 1315 3630 non
1376 3564 1462 3629 ita
1524 3568 1794 3629 constat:
1859 3563 2135 3648 plerique
2193 3569 2414 3650 putant
2464 3563 2734 3629 unciales

746 3908 788 3977 ¹)
842 3905 928 3961 De
976 3901 1293 3975 cognatione
1343 3918 1478 3973 quae
1530 3898 1815 3954 intercedit
1856 3898 1996 3955 inter
2045 3899 2390 3955 maiusculam
2435 3905 2491 3958 et
2538 3902 2733 3958 minus-

675 3991 851 4048 culam
889 3990 956 4046 cf.
997 3987 1392 4044 observationes
1430 4003 1561 4059 quas
1604 3984 1891 4041 utilissimo
1936 4003 2033 4041 suo
2076 3986 2356 4060 opusculo:
2406 3986 2733 4060 ‚Anleitung

671 4096 767 4133 zur
804 4076 1177 4132 Griechischen
1216 4072 1668 4145 Palaeographie’'
1705 4069 1902 4128 adiecit
1942 4072 2416 4141 wattenbachius,
2459 4075 2734 4132 Professor

671 4160 1157 4234 Heidelbergensis.
