3320 5169
1652 502 1736 565 80

673 718 950 800 Quorum
1007 716 1282 782 omnium
1342 720 1452 780 aut
1503 714 1711 779 eadem
1770 721 1877 779 aut
1934 737 2122 803 prope
2175 717 2381 784 eadem
2435 718 2598 805 apud
2643 741 2730 784 se·

674 836 915 921 quiores
961 841 1090 900 erat
1133 834 1479 902 enuntiatio
1515 834 1591 919 ¹).

763 956 1039 1023 Primum
1085 955 1359 1022 omnium
1390 950 1643 1041 'insigne
1688 955 2030 1041 exemplum
2077 955 2360 1021 delibabo
2406 978 2481 1020 ex
2525 955 2735 1021 eodem

674 1075 1123 1162 elegantissimo
1193 1072 1488 1161 opusculo
1555 1073 1855 1138 Badhami
1925 1075 2092 1159 quod
2150 1074 2332 1141 modo
2392 1075 2733 1142 laudabam.

675 1196 866 1261 Thuc.
930 1196 997 1277 I,
1067 1195 1215 1282 Cap.
1283 1197 1363 1259 18
1428 1217 1507 1259 m.
1585 1194 1805 1259 leviter
1874 1200 2159 1281 corrupta
2228 1200 2373 1260 sunt
2438 1194 2737 1260 vocabula

678 1314 934 1395 δυνάμει
1016 1315 1141 1396 γάρ
1218 1320 1437 1379 ταῦτα
1501 1313 1788 1393 μέγιστα
1853 1313 2140 1395 διεφάνη.
2259 1314 2353 1380 De
2420 1314 2738 1379 verborum

677 1436 977 1501 sententia
1037 1436 1205 1501 nulla
1265 1440 1471 1521 potest
1527 1457 1656 1501 esse
1714 1434 2120 1500 controversia
2164 1434 2268 1499 sed
2311 1433 2378 1498 id
2423 1433 2624 1520 ipsum
2673 1433 2737 1496 in

681 1576 858 1620 causa
920 1554 1041 1620 fuit
1100 1577 1207 1619 cur
1266 1554 1489 1620 vitium
1560 1554 1951 1620 manifestum
2018 1576 2140 1618 non
2207 1552 2741 1619 animadverterint

680 1674 898 1741 critici.
992 1674 1269 1755 Quorum
1331 1696 1508 1738 nemo
1569 1679 1772 1738 tamen
1833 1682 1903 1739 ut
1964 1674 2181 1760 opinor
2237 1673 2584 1738 admonitus
2640 1694 2741 1738 ne-

680 1794 850 1880 gabit
896 1794 1150 1860 verbum
1200 1793 1640 1874 διαφαίνεσθαι
1692 1793 1858 1879 quod
1904 1793 2208 1880 significat
2245 1796 2500 1873 elucere,
2539 1795 2741 1881 pellu-

680 1934 809 1978 eere
867 1913 942 1979 ab
1005 1913 1122 1978 hoe
1180 1914 1316 1978 loco
1372 1913 1638 1978 alienum
1698 1934 1848 1978 esse.
1942 1913 2108 1994 Quid
2178 1912 2407 1978 multa?
2494 1910 2743 1977 Numne

684 2033 928 2119 scripsit
966 2039 1037 2097 ut
1073 2033 1250 2097 solet:
1294 2030 1552 2110 δυνάμει
1594 2031 1721 2112 γάρ
1763 2035 1976 2095 ταῦτα
2017 2030 2302 2110 μέγιστα
2338 2031 2417 2106 δὴ
2457 2031 2745 2114 ἐφάνηῖ

684 2151 847 2216 Mihi
910 2151 1155 2237 quidem
1221 2150 1310 2216 ita
1370 2174 1497 2216 esse
1544 2150 1784 2215 videtur
1829 2156 2013 2236 atque
2073 2151 2525 2217 exercitationis
2568 2174 2744 2217 causa

686 2269 871 2334 alium
917 2269 1118 2335 locum
1165 2269 1496 2336 emendabo
1543 2270 1828 2335 similiter
1874 2277 2248 2358 corruptum.

777 2388 895 2455 Od.
926 2398 971 2457 Ξ
994 2388 1277 2475 UlysseS,
1327 2390 1448 2464 iam
1495 2390 1687 2456 redux
1733 2390 1795 2455 in
1843 2389 2150 2472 Ithacam,
2199 2414 2276 2455 ne
2311 2398 2674 2478 agnoscatur
2711 2414 2745 2455 a

688 2508 965 2574 Minerva
1010 2515 1285 2575 mutatus
1331 2515 1423 2573 est
1475 2510 1543 2574 in
1605 2532 1807 2574 senem
1867 2509 2212 2574 mendicum
2266 2516 2327 2574 et
2371 2508 2458 2574 sic
2505 2509 2580 2574 ab
2625 2509 2744 2574 Eu-

689 2649 857 2694 maeo
905 2628 1087 2695 domo
1138 2630 1526 2717 hospitioque
1571 2637 1847 2717 receptus
1887 2630 2171 2695 nuntium
2209 2630 2381 2695 affert
2425 2630 2500 2695 de
2544 2630 2743 2695 reditu

691 2769 803 2813 suo
871 2748 1066 2835 ipsius
1133 2748 1301 2813 velut
1367 2749 1654 2814 absentiS.
1746 2747 1926 2813 Nihil
1992 2749 2210 2814 horum
2278 2749 2599 2836 persuadet
2659 2749 2742 2828 τῷ

691 2866 824 2948 θείῳ
869 2868 1125 2949 συβώτῃ
1185 2869 1292 2954 qui
1350 2874 1536 2954 negat
1590 2869 1806 2932 herum
1869 2889 2049 2932 suum
2110 2874 2252 2954 post
2311 2874 2405 2932 tot
2453 2890 2747 2933 annorum

693 2985 1019 3052 discidium
1085 2988 1152 3052 in
1217 2989 1477 3074 patriam
1545 3009 1834 3073 umquam
1904 3010 2031 3053 esse
2092 3010 2489 3053 reversurum.
2592 2986 2748 3051 Tum

694 3106 940 3193 Ulysses
956 3133 971 3173 ε

829 3275 870 3341 ὦ
920 3276 1065 3359 φίλ’
1097 3276 1307 3350 ἐπειδὴ
1356 3275 1636 3356 πάμπαν
1683 3277 1963 3343 άναίνεαι
2015 3278 2138 3343 οὐδ’
2170 3276 2259 3341 ἔτι
2309 3278 2526 3360 φῇσθα

833 3405 1026 3462 κεῖνον
1077 3394 1478 3469 ἐλεύσεσθαι,
1530 3395 1717 3475 θυμὸς
1765 3398 1828 3463 δέ
1874 3421 1965 3463 τοι
2015 3398 2143 3462 αἰὲν
2193 3395 2499 3472 άπιστος,

833 3516 985 3579 dm?
1016 3515 1138 3592 ἐγὼ
1185 3516 1292 3578 οὐκ
1341 3515 1543 3590 αὕτως
1592 3518 1950 3595 μυθήσομαι
1998 3517 2175 3581 άλλα
2227 3516 2336 3581 σὺν
2384 3514 2533 3599 ὅρκῳ

834 3636 909 3707 ὡς
960 3643 1157 3700 νεῖται
1196 3634 1519 3708 Ὀδυσεύς.

780 3996 821 4065 ¹)
859 3994 927 4050 In
953 3993 1390 4066 inscriptionibus
1425 3995 1480 4048 et
1508 3991 1565 4047 in
1594 3990 1748 4047 libris
1774 3982 2153 4051 vetustissimis
2182 3998 2364 4052 tamen
2391 4001 2712 4070 permutatio
2729 3987 2770 4056 Ϊ

708 4093 763 4145 et
788 4088 866 4145 EI
894 4093 1013 4146 orta
1036 4088 1249 4146 videtur
1275 4107 1342 4145 ex
1373 4087 1593 4158 antiquo
1621 4104 1765 4144 more
1789 4087 2106 4145 Graecorum
2133 4090 2228 4162 qui
2258 4110 2304 4146 ει
2348 4091 2647 4149 scribebant
2669 4112 2763 4166 pro

709 4188 857 4246 omui
890 4207 914 4243 ι
944 4186 1122 4260 longo.
