3320 5169
1698 549 1781 611 34

723 758 850 827 imo
912 761 1162 824 καθῖσεν
1223 765 1286 823 et
1343 759 1431 824 sie
1491 757 1695 823 omnia
1752 756 1978 821 similia
2037 755 2253 823 menda
2312 754 2390 820 ad
2458 754 2776 841 pristinam

727 900 999 946 normam
1045 879 1426 963 castigemus.

815 994 1072 1083 Insuper
1140 996 1297 1065 addo
1371 997 1551 1063 etiam
1625 995 1786 1081 apud
1859 994 2238 1061 Herodotum
2309 993 2398 1057 sie
2465 999 2777 1078 peccatum

727 1138 856 1181 esse
902 1139 1163 1201 namque
1216 1116 1344 1183 fieri
1396 1139 1521 1181 non
1586 1122 1789 1201 potest
1845 1121 1915 1178 ut
1958 1113 2117 1181 idem
2172 1111 2478 1198 scripserit
2525 1110 2778 1179 κάτισον

726 1234 1084 1316 (pammac,
1137 1235 1220 1323 (I,
1258 1239 1369 1321 89)
1422 1237 1608 1301 αὐτὸν
1662 1234 1883 1299 κατισε
1933 1233 2021 1318 (Ι,
2054 1235 2161 1317 88)
2210 1238 2272 1297 et
2319 1227 2445 1296 εἷσε
2495 1230 2668 1308 ἄγων
2718 1232 2778 1303 ἐς

727 1356 835 1421 τὸν
879 1357 1211 1434 βασιλήιον
1265 1354 1479 1436 θρόνον,
1543 1355 1711 1438 (ΙΙΙ,
1762 1355 1869 1439 61)
1936 1351 2161 1432 ἄνδρας
2214 1353 2265 1415 οἱ
2324 1350 2584 1422 ὑπείσας
2635 1353 2781 1414 κατ’

730 1474 860 1541 ὁδόν
911 1475 1069 1561 (ΙΙΙ,
1127 1477 1298 1561 126).
1351 1475 1508 1541 Vide
1553 1473 1700 1538 Cob.
1748 1472 1891 1538 Var.
1939 1473 2107 1541 Leot.
2155 1494 2292 1557 pag.
2345 1475 2448 1537 88.

818 1595 1358 1683 Diphthongorum
1392 1620 1443 1659 ει
1473 1596 1559 1680 (ἶ)
1586 1601 1646 1659 et
1669 1617 1717 1657 οι
1758 1591 2122 1680 permutatio
2153 1591 2492 1659 rationibus
2522 1589 2783 1659 subdue-

726 1712 813 1785 tis
841 1736 914 1781 ex
961 1715 1094 1787 soni
1136 1715 1425 1785 affinitate
1459 1714 1664 1800 potius
1699 1735 1882 1797 quam
1928 1734 2000 1777 ex
2036 1712 2346 1779 literarum
2386 1710 2786 1777 similitudine

727 1833 973 1901 fluxisse
1021 1834 1258 1905 videtur
1307 1837 1379 1919 1).
1471 1834 1712 1899 Passim
1744 1833 1812 1897 in
1848 1831 2021 1901 libris
2058 1831 2338 1899 occurrit.
2410 1829 2785 1899 Permiscen-

725 1957 828 2017 tur
873 1974 926 2019 e.
966 1976 1018 2018 o.
1067 1953 1118 2017 οἱ
1167 1959 1228 2017 et
1274 1954 1357 2026 εἰ,
1414 1950 1660 2029 οἴσομαι
1712 1958 1774 2016 et
1821 1950 2104 2029 εἴσομαι,
2159 1951 2392 2017 οἰκέται
2442 1958 2502 2019 et
2550 1950 2779 2015 ἱκέται.

727 2072 998 2152 Quarum
1044 2073 1375 2138 lectionum
1419 2079 1555 2137 utra
1599 2072 1682 2136 sit
1726 2072 1928 2157 potior
1964 2071 2033 2135 in
2070 2070 2312 2156 scriptis
2355 2093 2511 2156 quae
2554 2069 2790 2155 integra

731 2198 1057 2277 supersunt
1123 2193 1327 2261 statim
1398 2193 1826 2277 unusquisque
1887 2191 2215 2277 intelligit3
2295 2191 2359 2255 in
2435 2190 2789 2276 fragmentis

731 2333 852 2374 non
897 2311 1064 2375 item.
1135 2311 1272 2376 Etsi
1316 2312 1419 2376 hie
1464 2334 1710 2396 quoque
1754 2311 1958 2376 omnia
2003 2334 2157 2395 quae
2195 2310 2271 2375 ad
2310 2309 2587 2396 singulos
2625 2310 2790 2375 locos

729 2428 962 2495 faciunt
1021 2428 1297 2495 rimando
1362 2436 1422 2495 et
1482 2436 1644 2495 reete
1706 2430 2029 2516 cogitando
2098 2429 2289 2495 multa
2348 2430 2423 2494 ad
2487 2427 2790 2515 liquidum

731 2547 980 2634 perduoi
1027 2555 1304 2635 possunt.

821 2668 1262 2754 Turpissimum
1308 2669 1590 2733 mendum
1639 2668 1993 2734 etiamnunc
2028 2674 2165 2755 post
2206 2674 2301 2733 tot
2341 2668 2644 2733 Dindorfii
2691 2690 2794 2732 ou-

735 2809 832 2850 ras
878 2794 1135 2873 occupat
1177 2788 1383 2853 locum
1434 2788 1859 2879 Aristophanis
1909 2789 2196 2873 (Acharn.
2249 2811 2303 2853 v.
2352 2789 2527 2873 612).
2618 2786 2797 2873 Legi-

742 2913 843 2971 tur
887 2906 1049 2971 enim
1095 2907 1161 2970 in
1213 2907 1547 2972 novissima
1594 2907 1895 2972 editione:

967 3051 1185 3121 οἶδέν
1234 3081 1327 3130 τις
1380 3059 1545 3136 ὑμῶν
1593 3055 2024 3135 τακβατανίἳ
2075 3057 2215 3127 τοὺς
2262 3055 2547 3137 χοὶοναςς

837 3206 962 3276 Ubi
1007 3209 1186 3276 unice
1234 3231 1442 3274 verum
1489 3231 1617 3274 esse
1666 3204 1879 3273 εἶδέν
1927 3231 2020 3279 τις
2070 3208 2362 3272 editorem
2408 3205 2610 3271 neseio
2657 3228 2803 3291 quo-

749 3326 930 3394 modo
977 3327 1157 3413 fugit.
1251 3326 1451 3410 Quam
1500 3328 1625 3393 vim
1675 3334 1877 3393 autem
1924 3325 1992 3400 in‘
2050 3325 2273 3394 talibus
2319 3324 2579 3398 habeant
2625 3323 2806 3390 verba

750 3445 893 3524 ὁρᾶν
941 3452 1003 3514 et
1047 3446 1301 3512 θεᾶσθαι
1349 3446 1496 3516 satis
1548 3453 1762 3514 uotum
1798 3448 1872 3532 2).

778 3791 783 3796 ·
829 3773 871 3841 ¹)
908 3770 991 3826 Cf.
1027 3770 1193 3844 Timo.
1231 3768 1321 3836 ΙΙ,
1360 3769 1488 3842 Cap.
1529 3771 1629 3825 54:

828 3863 874 3934 2)
926 3862 1014 3919 Ad
1056 3863 1218 3918 Hom.
1266 3860 1366 3917 Od.
1416 3870 1470 3916 A
1511 3881 1563 3918 v.
1603 3862 1703 3918 568
1752 3861 1966 3917 Scholia
2010 3862 2209 3918 habent
2260 3866 2471 3919 acutam
2523 3866 2579 3920 et
2630 3882 2809 3920 veram

758 3952 1206 4020 observationem,
1256 3950 1344 4007 sed
1399 3950 1628 4007 stultum
1684 3951 1931 4008 mendum
1984 3951 2145 4010 officit
2196 3951 2511 4011 evidentiae.
2584 3954 2812 4026 Legitur

760 4046 875 4110 πῶς
919 4040 1066 4100 οἵδε
1107 4045 1341 4109 τούτους
1382 4040 1410 4105 ἢ
1452 4043 1606 4116 (Leg.
1631 4046 1747 4116 καὶ)
1785 4048 1916 4110 τοῦς
1941 4048 2168 4110 λοισι-οῦς
2203 4042 2307 4099 ἔσω
2346 4042 2677 4102 σῶν”ΑιΣου
2704 4066 2807 4101 πυ-

763 4143 877 4198 λῶν
901 4139 1069 4208 ’ὄντας
1103 4144 1198 4198 καὶ
1236 4142 1346 4198 τῶν
1386 4144 1678 4211 nov-aptam
1707 4140 2112 4198 Emendandum
2146 4144 2228 4197 est
2259 4143 2369 4207 πῶς
2402 4137 2550 4197 εἶδε
2585 4164 2636 4199 ze.
2666 4164 2718 4198 τ.
2748 4150 2804 4199 λ.

757 4236 953 4296 Paullo
989 4238 1127 4295 infra
1161 4258 1215 4298 v.
1255 4240 1358 4296 580
1397 4238 1612 4296 verbum
1649 4236 1923 4297 εἰδέναι
1962 4237 2101 4296 male
2137 4237 2273 4295 abiit
2306 4237 2363 4294 in
2400 4232 2595 4296 εἶναι.
