3320 5169
1587 525 1668 585 63

690 733 899 819 Longe
967 734 1341 818 frequentior
1413 739 1505 798 est
1565 732 1843 797 confusio
1903 732 2088 798 huius
2144 733 2355 797 literae
2424 755 2562 797 cum
2593 706 2597 710 Δ
2630 757 2663 797 ν

606 853 711 937 (μ,
766 879 799 929 n
820 901 836 925 ‚
889 877 959 927 κ,
1012 878 1087 926 οι,
1142 854 1232 938 ω).
1322 851 1475 917 Noli
1520 857 1721 917 tamen
1782 857 2095 938 propterea
2154 873 2294 916 cum
2340 852 2665 917 Montefal-

603 971 778 1036 conio
840 971 908 1035 in
968 972 1238 1037 animum
1295 971 1584 1036 inducere
1641 971 1836 1057 ipsam
1906 971 2162 1056 figuram
2221 971 2271 1049 β
2323 972 2668 1057 antiquiore

602 1090 794 1156 forma
821 1092 917 1156 his
956 1092 1260 1158 erroribus
1300 1114 1502 1157 ansam
1558 1090 1833 1171 dedisse,
1884 1113 2035 1176 quos
2081 1091 2291 1177 procul
2331 1090 2520 1155 dubio
2563 1114 2667 1177 pe·

600 1211 762 1297 perit
799 1211 1019 1276 vitiosa
1066 1211 1409 1297 sequiorum
1477 1210 1800 1291 συνήθεια,
1863 1210 1913 1288 β
1968 1217 2029 1276 et
2083 1235 2117 1274 υ
2182 1213 2278 1294 (v,
2344 1212 2420 1296 w)
2490 1211 2667 1297 plane

600 1331 827 1401 eodem‘
869 1353 1016 1396 sono
1079 1331 1480 1396 efferentium.
1574 1331 1731 1396 Sunt
1801 1330 1941 1396 libri
2009 1330 2183 1396 MSS.
2259 1331 2366 1396 ubi
2425 1332 2666 1418 ypsilon

599 1449 834 1515 literam
882 1448 1015 1514 bata
1060 1451 1338 1516 funditus
1386 1450 1638 1537 expulit.

688 1570 929 1635 Passim
986 1577 1228 1635 exarata
1288 1575 1434 1635 sunt
1492 1592 1552 1635 v.
1592 1593 1644 1635 c.
1706 1569 2034 1651 υοὶρυοοροι,
2087 1576 2349 1653 λοιῢρον,
2404 1570 2662 1637 οιύοὶκιον

600 1670 714 1775 pro
770 1688 1121 1770 βάρβαροι,
1190 1689 1458 1771 λάβρον,
1533 1688 1804 1767 οἷβοέκιον
1851 1697 1971 1755 etc.
2067 1690 2255 1755 Haud
2333 1713 2467 1756 raro
2522 1692 2665 1758 inde

601 1808 664 1873 in
731 1809 975 1874 Lexicis
1044 1831 1154 1895 pro
1219 1834 1250 1872 υ
1317 1816 1378 1874 et
1438 1812 1487 1887 β
1545 1809 1891 1895 (Digamma
1940 1809 2136 1894 Aeol.)
2206 1810 2406 1874 editur
2473 1835 2524 1887 μ,
2593 1817 2664 1874 ut

600 1928 1143 2007 μελδόμενος,
1218 1929 1526 2006 ἐπιθυμῶν
1597 1928 1759 2014 apud
1828 1927 2208 2014 Hesychium
2269 1950 2378 2014 pro
2437 1928 2660 1993 Γελδό-

600 2071 804 2126 μενος.

690 2191 735 2245 γ
784 2190 854 2232 ea
901 2174 992 2232 est
1038 2168 1401 2233 infelicitate
1448 2169 1678 2254 figurae
1722 2174 1794 2232 ut
1838 2167 1904 2232 in
1951 2175 2210 2254 utraque
2246 2169 2545 2256 scriptura
2585 2170 2662 2235 ad

601 2288 942 2373 complures
1003 2287 1152 2351 alias
1212 2289 1420 2352 literas
1480 2286 1880 2352 similitudine
1941 2289 2206 2355 accedat.
2299 2289 2375 2354 In
2435 2289 2660 2354 minus·

600 2406 737 2470 cula
781 2429 993 2493 parum
1047 2407 1251 2471 differt
1295 2407 1401 2472 ab:

686 2550 747 2608 ν,
815 2526 867 2590 si
925 2527 1074 2590 haec
1127 2525 1300 2590 litera
1356 2525 1524 2591 iusto
1587 2532 1679 2591 est
1727 2526 1962 2613 longior
2008 2532 2189 2613 atque
2231 2527 2391 2592 infra
2434 2527 2657 2594 lineam

594 2646 943 2731 porrigitur.
1035 2644 1203 2709 Hinc
1249 2645 1316 2709 in
1361 2646 1567 2731 pravis
1612 2645 1987 2710 editionibus
2032 2646 2458 2733 Aristophanis
2496 2668 2657 2711 com-

595 2772 910 2832 mutantur
932 2764 1167 2831 τουτονὶ
1204 2770 1266 2829 et
1302 2764 1552 2843 τουτογὶ
1586 2764 1750 2850 (vide
1782 2787 1835 2831 e.
1861 2787 1914 2830 c.
1936 2764 2366 2851 Thesmophor.
2391 2788 2451 2831 v.
2477 2766 2654 2850 880).

593 2884 909 2950 Eiusmodi
973 2890 1065 2949 est
1110 2883 1332 2948 vitium
1397 2884 1563 2969 quod
1620 2884 2017 2970 deprehendit
2059 2884 2306 2950 Bastius
2355 2886 2530 2972 (Not.
2578 2884 2655 2951 ad

593 3003 777 3089 Greg.
823 3026 961 3089 pag.
1012 3005 1166 3089 393)
1214 3003 1282 3067 in
1329 3003 1645 3089 Apollonii
1692 3002 1945 3089 Dyscoli
1997 3002 2152 3068 libro
2210 3007 2283 3070 de
2326 3006 2654 3072 adverbiis.-

593 3122 860 3200 εὐγαίοος
908 3119 1215 3199 ἐβάλοντο
1275 3122 1399 3187 imo
1458 3144 1603 3186 vero
1651 3120 1903 3193 εὐνοιίοος
1955 3121 2260 3199 ἐβάλοντο
2317 3126 2425 3210 (=
2465 3124 2649 3197 εὐνὰς

589 3242 633 3307 i.
671 3263 724 3309 e.
772 3243 1068 3327 ancoras).

678 3363 998 3428 Praeterea
1041 3386 1087 3440 y
1135 3360 1444 3426 interdum
1487 3380 1613 3424 non
1649 3360 1915 3424 multum
1947 3359 2242 3430 dissimile
2277 3368 2371 3426 est
2413 3385 2443 3443 ρ
2492 3369 2555 3428 et
2593 3387 2645 3445 ρι

589 3482 880 3548 ‘continuo
941 3483 1128 3548 ductu
1191 3480 1452 3567 scriptis,
1543 3479 1731 3561 Quod
1789 3479 2091 3566 imprimis
2151 3503 2268 3546 usu
2328 3483 2500 3548 venit
2545 3483 2648 3549 ad-

585 3602 832 3667 iectivis
877 3603 943 3667 in
991 3604 1146 3683 ήριος
1196 3607 1258 3665 et
1317 3593 1467 3678 ηριὸς
1517 3598 1900 3665 exeuntibus
1993 3598 2136 3665 Alia
2192 3600 2379 3667 huius
2435 3603 2646 3668 confu-

588 3721 778 3786 sionis
823 3721 1092 3808 exempla
1135 3743 1260 3785 non
1307 3727 1453 3785 sunt
1497 3718 1827 3783 admodum
1872 3719 2084 3785 multa.

670 3839 710 3906 ’δ
725 3892 743 3923 ,
806 3842 858 3906 si
914 3840 1035 3906 duo
1094 3845 1323 3928 puncta
1383 3835 1501 3904 sibi
1558 3837 1843 3924 imposita
1903 3837 2085 3903 habet
2129 3838 2289 3903 valet
2334 3835 2410 3904 δι.
2501 3837 2642 3905 Per·

586 3961 919 4027 miscentur
976 3960 1118 4025 inde
1172 3960 1224 4025 δ’
1266 3965 1326 4024 et
1388 3959 1440 4024 δι
1492 3958 1577 4044 (δὲ
1640 3964 1704 4023 et
1763 3954 1914 4043 διὰ).
2006 3953 2181 4022 Idem
2236 3955 2467 4023 factum
2534 3953 2645 4023 ubi

584 4104 740 4168 apex
805 4080 992 4146 huius
1061 4081 1274 4145 literae
1342 4078 1521 4143 solito
1589 4076 1784 4163 magis
1853 4076 2133 4141 deorsum
2188 4075 2449 4141 demissa
2487 4082 2641 4144 erat.

582 4197 795 4266 Finxit
837 4201 981 4266 inde
1005 4199 1374 4265 Villoisonus
1411 4197 1663 4264 verbum
1699 4196 2135 4262 οἰνοιδιιστοὶνοοι
2178 4195 2423 4260 Graecis
2465 4196 2641 4284 igno-
