3320 5169
1714 569 1797 630 20

889 775 1037 845 ὥστ’
1066 776 1517 854 ἀπαλλαγεῖσι
1564 773 1803 849 ταύτης
1852 771 1986 838 ἔστι
2035 771 2362 839 διπλάσιον
2411 774 2623 839 κακόν.

728 897 772 962 i.
812 919 867 962 e.
917 896 1012 975 nsi
1059 895 1327 963 vetulam
1373 893 1655 980 effugeris
1701 893 1766 958 in
1813 892 2195 958 iuvenculam
2258 893 2506 974 incidis,
2568 895 2792 982 duplex

731 1012 1019 1091 malum’'·,
1137 1012 1307 1094 Quid
1375 1019 1578 1077 autem
1646 1011 2027 1076 Meinekium
2097 1013 2291 1077 virum
2366 1013 2787 1079 acutissimum

729 1133 1094 1221 permoverit
1153 1140 1224 1197 ut
1284 1131 1605 1196 absurdam
1658 1130 1951 1195 librorum
2013 1130 2368 1211 lectionem,
2419 1130 2602 1217 quam
2655 1134 2788 1219 ipse

726 1254 848 1319 iam
896 1252 1103 1318 multis
1165 1260 1305 1316 ante
1367 1251 1540 1315 annis
1589 1250 1997 1315 damnavisset
2037 1253 2121 1335 1),
2185 1273 2347 1314 nunc
2400 1253 2570 1335 quasi
2623 1261 2785 1339 post-

726 1372 963 1436 liminio
1008 1377 1315 1439 revocaret
1360 1369 1637 1454 equidem
1687 1369 1886 1433 nullus
1934 1369 2130 1433 video.
2221 1368 2368 1433 Non
2417 1392 2665 1456 semper,
2714 1379 2786 1436 ut

726 1490 983 1571 videtur,
1050 1492 1114 1555 αἱ
1166 1489 1449 1570 δεύτεραί
1499 1513 1627 1560 πως
1688 1490 2007 1569 φροντίδες
2062 1489 2431 1571 σοφώτεραι.
2482 1528 2568 1539 ·-
2615 1490 2784 1555 Haec

724 1608 798 1673 de
843 1608 1084 1695 syllabis
1132 1608 1283 1673 male
1331 1609 1642 1695 dispositis
1702 1609 2026 1674 sufficiant.

808 1728 1135 1813 Reliquum
1200 1736 1292 1792 est
1353 1734 1423 1791 ut
1484 1750 1837 1793 moneamus
1884 1728 1958 1791 de
2003 1727 2431 1813 dittographiis
2478 1736 2538 1793 et
2585 1729 2658 1794 de
2705 1730 2780 1794 iis

723 1845 893 1909 vitiis
942 1868 1093 1930 quae
1142 1854 1274 1910 orta
1319 1853 1461 1910 sunt
1507 1870 1578 1910 ex
1625 1847 1929 1912 erroribus
1975 1846 2149 1932 plane
2196 1849 2532 1914 contrariis·
2607 1850 2778 1930 Quae

717 1964 965 2048 quidem
1029 1965 1191 2051 apud
1253 1973 1461 2051 poetas
1521 1966 1629 2031 ubi
1694 1967 1891 2051 ipsum
1951 1974 2208 2032 metrum
2255 1968 2525 2032 fraudem
2572 1969 2779 2055 arguit

715 2083 879 2147 facili
941 2084 1188 2171 negotio
1250 2084 1779 2170 deprehenduntur
1840 2092 1902 2148 et
1969 2085 2272 2170 plerisque
2338 2086 2486 2151 locis
2543 2087 2775 2152 dudum

712 2206 922 2265 sanata
959 2208 1136 2283 sunt3
1178 2202 1242 2266 in
1277 2203 1545 2266 oratione
1579 2203 1782 2267 soluta
1815 2225 1955 2268 vero
1992 2226 2166 2290 saepe
2206 2205 2464 2269 editores
2501 2206 2773 2291 fugiunt.

710 2316 888 2383 Licet
933 2320 1050 2385 toti
1096 2342 1260 2385 nune
1307 2322 1500 2386 simus
1551 2321 1613 2385 in
1675 2320 2073 2407 scriptoribus
2132 2321 2409 2403 Graecis,
2470 2322 2638 2388 lubet
2682 2330 2771 2388 ta-

713 2460 852 2503 men
898 2439 1166 2525 primum
1211 2440 1480 2505 omnium
1530 2462 1874 2526 expromere
1921 2440 2404 2506 emendationem
2449 2440 2769 2509 Livianam

710 2556 846 2626 Tib.
894 2557 1381 2638 Hemsterhusii,
1446 2582 1628 2644 quam
1677 2558 1828 2625 mihi
1885 2559 2116 2625 indicat
2175 2559 2641 2627 Valckenaerins
2707 2561 2771 2628 in

712 2678 951 2743 schedis
998 2678 1225 2744 criticis
1241 2704 1259 2757 3
1307 2678 1578 2764 exempla
1625 2678 1856 2743 Graeca
1901 2679 2120 2744 deinde
2165 2701 2240 2743 ex
2277 2678 2461 2744 Novo
2507 2679 2774 2746 Foedere

712 2796 943 2864 dabunt
988 2797 1110 2862 duo
1172 2798 1337 2863 docti
1390 2797 1687 2884 theologi3
1735 2797 1864 2884 ipse
1934 2796 2227 2882 denique,
2299 2798 2584 2883 qnoniam
2646 2822 2773 2865 non

714 2937 868 3001 opus
926 2922 1019 2980 est
1077 2915 1283 2980 multis
1341 2915 1627 3002 gravibus
1696 2914 1953 2981 testibus
2018 2915 2086 2980 in
2152 2939 2216 2982 re
2282 2922 2407 2981 tam
2476 2916 2645 2982 facili
2712 2924 2774 2983 et

712 3040 949 3121 aperta,
995 3058 1189 3123 pauca
1235 3035 1526 3121 quaedam
1572 3035 1792 3100 addam
1847 3035 1921 3100 de
1968 3058 2125 3101 meo,

802 3153 940 3220 Tib.
989 3154 1488 3221 Hemsterhusius
1534 3155 1621 3240 (in
1669 3154 1853 3221 obss,
1883 3153 2149 3220 Miscell.
2188 3154 2329 3220 Vol.
2370 3154 2472 3235 II,
2512 3179 2573 3242 p.
2612 3158 2770 3237 149,

718 3277 841 3339 150
890 3273 968 3339 ad
1017 3272 1360 3359 Aelianum)
1410 3273 1709 3360 egregiam
1759 3296 1936 3360 opem
1988 3274 2106 3338 fert
2147 3272 2327 3338 Livio
2377 3272 2598 3358 (XLV,
2646 3278 2767 3355 41,

713 3395 749 3478 ᾧ
804 3394 932 3479 12).
1026 3392 1100 3457 In
1165 3394 1285 3458 fine
1339 3392 1630 3458 orationis
1689 3392 1869 3458 Pauli
1929 3391 2177 3456 Aemilii
2232 3414 2387 3476 quae
2432 3414 2634 3457 revera
2679 3401 2773 3458 est

716 3510 1159 3591 „memorabilis
1219 3518 1280 3576 et
1338 3512 1525 3599 digna
1569 3510 1846 3576 Romano
1892 3508 2208 3597 principe’'
2253 3509 2409 3575 liber
2454 3510 2587 3577 MS.
2635 3512 2769 3577 uni-

715 3653 824 3696 cus
883 3631 1097 3699 habett
1160 3634 1405 3698 Paulus
1464 3632 1527 3696 in
1582 3632 1747 3696 domo
1787 3637 2040 3712 praeter
2097 3631 2203 3694 sed
2256 3652 2419 3696 nemo
2485 3638 2769 3715 superest.

713 3749 1027 3819 Editores:
1103 3753 1348 3817 Paulus
1406 3750 1506 3814 vel
1564 3748 1762 3813 Pauli
1820 3749 1885 3813 in
1944 3751 2108 3814 domo
2154 3757 2403 3833 praeter
2460 3772 2549 3814 me
2606 3773 2769 3816 nemo

709 3877 995 3956 superest.
1078 3870 1325 3951 Quanto
1388 3868 1601 3934 melius
1647 3867 2175 3935 Hemsterhusius:
2223 3870 2399 3961 Pauli
2456 3871 2520 3936 in
2586 3869 2766 3936 domo

786 4238 826 4307 ¹)
881 4235 962 4291 Cf.
997 4235 1209 4307 Fragm.
1245 4234 1448 4294 Comie.
1483 4237 1667 4293 Graec.
1705 4237 1829 4295 Vol.
1866 4239 1984 4308 111,
2025 4260 2075 4314 p.
2115 4244 2235 4299 349.
