3320 5169
1720 479 1755 539 6

715 688 906 754 aciem
966 689 1197 774 ingenii
1252 690 1506 756 humani
1564 690 1889 776 effugiant,
1950 692 2139 756 satius
2202 691 2282 756 sit
2339 690 2459 756 alto
2516 692 2761 758 silentio

707 829 994 893 premere.

802 926 1022 992 Libere
1057 927 1255 993 dicam
1289 930 1451 1015 quod
1488 931 1704 996 sentio.
1775 934 1905 997 Aut
1943 955 2055 1019 ego
2100 934 2278 998 fallor
2323 940 2430 999 aut
2476 935 2764 1021 sapientis

715 1053 807 1112 est
842 1053 1070 1126 γνῶναι
1108 1049 1325 1114 ἑαυτὸν
1366 1056 1429 1115 et
1466 1051 1759 1136 quaedam
1776 1049 2032 1118 'nescir-e.
2094 1053 2273 1118 Patet
2302 1060 2502 1119 autem
2538 1055 2765 1119 criticis

713 1189 967 1254 campus
1005 1170 1388 1235 vastissimus
1434 1171 1499 1235 in
1546 1193 1670 1255 quo
1709 1194 1817 1258 pro
1857 1195 1965 1237 sua
2004 1173 2265 1258 quisque
2302 1174 2591 1238 facultate
2637 1196 2762 1238 om·

713 1310 817 1353 nes
877 1310 1114 1354 summa
1168 1289 1447 1356 libertate
1507 1313 1816 1356 excurrere
1875 1298 2133 1378 possunt
2195 1294 2355 1378 (nam
2418 1293 2577 1377 quod
2638 1316 2762 1358 non

709 1406 963 1472 liberum
1026 1415 1117 1472 est
1176 1409 1472 1474 iudicium
1535 1410 1599 1474 id
1658 1410 1895 1476 nullum
1952 1411 2318 1497 babendum)
2367 1411 2471 1476 sed
2520 1434 2763 1498 campus

711 1533 912 1593 tamen
975 1535 1046 1593 ut
1101 1530 1474 1615 pomoerium
1532 1530 1700 1595 urbis
1747 1531 1972 1595 Romae
2017 1530 2197 1595 certis
2241 1530 2466 1596 finibus
2511 1530 2794 1594 circum·⁴

709 1642 968 1733 scriptus
1029 1671 1225 1741 'Kquos
1284 1650 1446 1715 ultra
1505 1650 1776 1736 citraque
1832 1649 2047 1734 nequit
2094 1650 2420 1715 consistere
2464 1642 2763 1715 rectum”.

710 1767 894 1848 Quod
933 1767 1083 1833 scite
1120 1768 1341 1847 alicubi
1365 1769 1665 1833 Martialis
1696 1776 1766 1833 ut
1801 1770 2009 1855 plura:
2064 1768 2404 1852 ''Quisquis
2437 1768 2573 1853 plus
2603 1769 2763 1832 iusto
2858 1787 2868 1794 ·

706 1909 829 1950 non
870 1887 1028 1972 sapit
1072 1887 1178 1951 ille
1215 1889 1441 1973 sapit''.
1512 1888 1673 1953 Mihi
1714 1888 1959 1974 quidem
2002 1911 2178 1974 saepe
2215 1888 2292 1953 ob
2328 1889 2533 1952 oculos
2570 1910 2763 1952 versa-

709 2013 810 2070 tur
854 2007 1067 2072 infelix
1111 2007 1270 2072 Icari
1318 2008 1487 2072 illius
1533 2010 1769 2094 imagO,
1827 2008 1932 2093 qui
1977 2009 2211 2072 utinam
2250 2013 2519 2093 posteros
2560 2028 2765 2070 omnes

711 2125 989 2210 exemplo
1036 2147 1148 2190 suo
1196 2126 1582 2191 deterruisset
1621 2150 1698 2191 ne
1740 2128 1923 2191 cereis
1961 2128 2176 2213 pennis
2214 2127 2398 2191 altius
2435 2125 2763 2190 evolarent!

711 2243 894 2324 Quod
924 2243 1100 2329 longe
1137 2244 1310 2309 aliter
1341 2245 1563 2310 evenit.
1626 2246 1709 2310 Et
1744 2269 1883 2310 vero
1923 2247 2087 2330 quod
2122 2245 2395 2310 homines
2433 2245 2624 2330 inepti
2656 2267 2765 2308 suo

712 2363 1007 2428 arbitratu
1044 2365 1117 2429 de
1156 2365 1429 2449 qualibet
1463 2389 1525 2430 re
1564 2366 1864 2451 quidlibet
1909 2372 2216 2445 statuant,
2249 2364 2315 2428 id
2354 2387 2472 2428 non
2524 2386 2766 2450 magno·

709 2508 850 2571 pere
889 2507 1188 2550 curamus,
1259 2484 1565 2566 „Istorum
1613 2487 1851 2567 levitas,
1901 2493 1970 2551 ut
2007 2492 2167 2550 recte
2207 2486 2295 2549 ait
2329 2484 2765 2563 Ruhnkenius‚
2833 2486 2838 2495 ’

640 2675 643 2676 ⁷
713 2607 1031 2671 doctorum
1079 2606 1319 2672 silentio
1368 2614 1429 2671 et
1476 2613 1784 2672 contemtu
1840 2606 2081 2671 abunde
2129 2603 2534 2669 vindicatur?
2625 2589 2785 2668 Forss

714 2727 876 2791 sitan
931 2727 1234 2813 quispiam
1303 2729 1526 2792 dixerit
1593 2725 2035 2792 intolerabilem
2102 2747 2231 2790 esse
2286 2704 2519 2789 tantam
2574 2722 2769 2809 impu-

718 2845 988 2911 dentiam
1034 2852 1095 2910 et
1142 2847 1358 2930 quovis
1402 2847 1580 2911 modo
1631 2845 2042 2910 coercendam.
2136 2846 2222 2907 At
2256 2865 2380 2907 non
2427 2849 2521 2906 est
2558 2864 2773 2928 operae

715 2957 1003 3050 pretium.
1071 2964 1322 3029 Pariant
1352 2965 1526 3029 irrita
1560 2988 1671 3029 sua
1710 2987 1824 3029 ova
1861 2971 2153 3050 partaque
2192 2963 2441 3027 foveant
2480 2962 2771 3047 quamdiu

718 3084 1013 3171 placebit:
1072 3106 1406 3169 numquam
1470 3085 1804 3170 quidquam
1867 3083 2057 3149 exibit
2102 3083 2268 3168 quod
2312 3084 2503 3148 vivere
2552 3087 2772 3168 potest.

722 3205 839 3269 Sed
886 3185 1128 3284 tamen,²
1165 3212 1238 3270 ut
1284 3180 1493 3270 verum
1555 3204 1779 3284 fatear,
1828 3203 2139 3287 aliquanto
2177 3204 2425 3288 gravius
2472 3202 2775 3266 interdum

724 3348 821 3390 me
877 3330 1216 3408 commovet
1270 3324 1525 3388 ridicula
1588 3325 1885 3408 quaedam
1945 3322 2327 3409 superstitio,
2392 3344 2512 3406 qua
2572 3328 2777 3385 nostra

721 3447 1071 3532 praesertim
1127 3450 1322 3509 aetate
1368 3444 1657 3530 permulti
1706 3443 1980 3507 funditus
2026 3441 2245 3505 imbuti
2293 3446 2455 3506 sunt.
2513 3439 2779 3504 'Scilicet

726 3566 1014 3629 adoratur
1083 3563 1326 3650 stupida
1379 3564 1673 3648 religione
1742 3563 1851 3627 dea
1912 3561 2206 3645 quaedam
2277 3560 2540 3624 Scientia
2599 3564 2777 3637 nata,

727 3685 973 3771 opinor,
1036 3706 1109 3747 ex
1172 3683 1411 3747 cerebro
1486 3682 1759 3747 mortalis
1815 3682 2014 3745 nescio
2078 3680 2251 3745 cuius
2296 3680 2488 3765 inepti
2534 3684 2594 3743 et
2641 3701 2780 3742 cum

728 3804 908 3868 docta
947 3802 1227 3866 Minerva
1267 3806 1465 3886 neque
1503 3801 1922 3865 aeternitatem
1960 3822 2158 3884 neque
2203 3800 2559 3864 modestiam
2598 3796 2779 3881 virgi-

729 3923 925 3986 nalem
958 3942 1155 4004 neque
1194 3919 1526 4003 quidquam
1568 3919 1738 3984 aliud
1777 3941 2093 3983 commune
2131 3919 2377 3983 habenS.
2447 3917 2503 3981 O
2532 3925 2783 3994 ''sancta

732 4039 1167 4106 eruditulorum
1228 4037 1657 4122 simplicitas”l
1754 4028 1931 4102 Hanc
1983 4051 2157 4102 nunc
2196 4044 2537 4123 poetarum,
2588 4035 2782 4122 philo·

735 4160 1091 4246 sophorum,
1162 4165 1468 4225 oratorum
1538 4181 1750 4246 greges
1820 4182 2173 4225 numerosae
2226 4149 2563 4223 coelestem
2612 4158 2782 4221 deam
