3320 5169
1613 475 1693 536 61

725 682 897 748 Haec
942 683 1016 748 de
1062 707 1138 762 α,
1201 706 1301 758 αι,
1357 706 1436 746 αυ
1486 681 1825 763 sufficiant,
1888 683 1938 747 si
1993 682 2110 749 hoe
2169 706 2359 750 unum
2419 685 2699 771 epimetri

637 800 827 866 instar
871 801 1158 867 addidero
1219 803 1409 867 fuisse
1477 801 1616 867 olim
1691 802 1982 868 editorem
2054 803 2400 884 Strabonis,
2468 805 2575 889 qui
2629 811 2702 870 ut

634 920 810 1007 plura
857 921 1117 987 ridicule
1162 922 1251 987 sio
1294 922 1466 987 Tom.
1515 921 1644 1003 VI,
1692 945 1755 1009 p.
1806 925 1933 986 554,
1970 925 2019 1009 1)
2080 923 2228 988 satis
2287 896 2495 988 stulte'
2523 924 2703 989 finxit

635 1040 862 1106 variam
932 1040 1255 1106 lectionem
1324 1041 1651 1107 διαύθεσιν.
1766 1040 1822 1105 Ο
1882 1041 2150 1128 lepidum
2221 1050 2435 1130 caput,
2515 1066 2700 1130 quam

633 1159 849 1224 vellem
897 1159 1096 1226 adhuc
1142 1161 1208 1225 in
1250 1160 1414 1225 vivis
1461 1183 1621 1226 esses
1669 1167 1741 1225 ut
1785 1183 2001 1226 nasum
2063 1163 2343 1228 criticum
2404 1163 2521 1228 tibi
2566 1186 2700 1250 gra·

633 1279 886 1344 tularer!
955 1279 1073 1344 Sed
1112 1280 1343 1345 dudum
1383 1280 1751 1346 descendisti
1799 1281 1962 1346 unde
2000 1289 2225 1369 negant
2262 1282 2457 1348 redire
2491 1305 2699 1367 quem-

633 1422 815 1484 quam
862 1406 1047 1485 atque
1096 1399 1197 1464 vix
1244 1400 1405 1465 ullus
1452 1407 1722 1486 superest
1768 1400 1864 1466 tui
1911 1400 2149 1466 similis.

722 1544 764 1582 α
812 1519 1200 1606 productiore
1245 1520 1465 1585 lineola
1512 1519 1881 1584 instructum
1932 1520 1999 1584 in
2047 1519 2257 1585 multis
2302 1520 2471 1586 libris
2516 1522 2700 1586 etiam

632 1663 673 1702 ω
728 1639 903 1704 valde
951 1638 1148 1703 simile
1195 1645 1306 1704 est.
1402 1640 1513 1704 Bis
1558 1639 1699 1704 inde
1743 1644 2059 1724 peccatum
2104 1639 2268 1726 apud
2317 1639 2697 1726 Hesychium

629 1757 696 1821 in
741 1779 891 1822 voce
935 1757 1163 1833 Μήδεα
1196 1760 1246 1843 2)
1294 1758 1399 1823 ubi
1455 1759 1642 1824 codex
1699 1757 2051 1822 Marcianus
2107 1757 2290 1823 habet
2334 1759 2541 1836 μήδεα
2592 1783 2695 1823 τε·

628 1875 892 1957 ξερύσας
941 1891 1028 1940 λα
1079 1877 1111 1953 ἢ
1162 1878 1338 1942 κυσὶν
1391 1875 1555 1956 ἅμα
1604 1877 1857 1942 adeone.
1952 1876 2189 1942 Locum
2232 1877 2506 1943 restituit
2550 1877 2695 1942 Mu-

627 2019 804 2061 surus
848 1997 915 2061 in
960 2004 1228 2084 tempore
1273 1997 1623 2063 recordatus
1669 1996 1787 2063 Od.
1839 2006 1931 2077 Σ,
1979 1998 2086 2064 87.

804 2179 1008 2258 μήδεα
1056 2183 1117 2245 τ’
1151 2180 1446 2263 ἐξερύσας
1497 2179 1648 2262 δῴη
1697 2180 1873 2245 κυσὶν
1923 2178 2092 2257 ὧμα
2143 2178 2478 2245 δάσασθαι.

716 2359 905 2446 Saepe
964 2384 1005 2424 α
1067 2359 1345 2425 habitum
1408 2367 1499 2425 est
1557 2383 1668 2447 pro
1732 2384 1782 2424 ει
1832 2365 1894 2425 et
1938 2384 2005 2424 ευ
2068 2359 2120 2423 si
2179 2328 2339 2424 linea
2390 2381 2543 2445 quae
2589 2358 2694 2424 ad-

628 2479 835 2544 haeret
880 2484 942 2543 et
1002 2501 1258 2566 superne
1319 2486 1381 2544 et
1439 2479 1675 2544 inferne
1719 2480 1881 2544 iusto
1928 2483 2021 2544 est
2062 2477 2324 2564 longior.
2414 2477 2576 2543 Nam
2625 2478 2693 2543 in

627 2599 1028 2687 diphthongis
1075 2624 1125 2665 ει
1175 2605 1238 2664 et
1282 2624 1348 2664 ευ
1401 2600 1579 2665 litera
1623 2625 1652 2664 ε
1700 2598 1905 2665 induit
1957 2599 2216 2664 formam
2261 2597 2469 2684 exigui
2513 2597 2690 2662 semi-

627 2718 871 2784 circelli.

715 2837 1010 2903 Confusio
1073 2862 1114 2902 α
1178 2844 1240 2902 et
1300 2862 1351 2903 ει
1416 2844 1621 2903 autem
1665 2836 1968 2924 imprimis
2014 2836 2279 2902 occurrit
2322 2837 2388 2901 in
2435 2836 2689 2901 vocibus

625 2956 1001 3043 perantiquis
1047 2964 1110 3021 et
1154 2955 1445 3021 obsoletis
1492 2978 1647 3041 quae
1695 2979 1730 3020 a
1776 2955 2212 3020 recentioribus
2258 2954 2520 3019 librariis
2565 2978 2690 3020 non

579 3076 784 3141 'recte
851 3073 1369 3160 intelligebantur.
1462 3074 1648 3155 Quod
1716 3073 1957 3160 egregie
2025 3073 2291 3138 cernitur
2359 3073 2427 3138 in
2485 3073 2687 3139 verbis

625 3195 977 3261 contractis
1069 3195 1408 3273 Τιμεῖσθαι
1475 3193 1580 3290 qui
1642 3192 1867 3258 scribat
1919 3214 2027 3279 pro
2072 3191 2378 3271 τιμᾶσθαι
2428 3215 2549 3257 non
2594 3214 2686 3258 re-

622 3314 820 3401 perias
862 3314 969 3379 sed
1029 3313 1471 3393 παλαμεῖσθαι
1519 3335 1629 3399 pro
1695 3312 2165 3391 παλαμᾶσθαι,
2234 3312 2680 3392 μαρτυρεῖσθαι

620 3457 731 3522 pro
777 3435 1213 3517 μαρτόρασθαι
1261 3433 1487 3522 passim
1526 3436 1871 3499 occurrunt.
1962 3430 2131 3496 Utile
2190 3432 2534 3518 exemplum
2577 3432 2683 3496 ha-

621 3553 729 3620 bes
795 3555 861 3620 in
905 3555 1194 3621 vocabulo
1256 3552 1404 3630 ἄτη.
1500 3553 1691 3641 Fugit
1753 3552 2030 3618 indoctos
2087 3550 2312 3617 scribas
2379 3550 2683 3637 sequioris

620 3672 757 3739 aevi
825 3696 1008 3761 quam
1076 3674 1203 3741 vim
1270 3674 1492 3740 habeat
1558 3671 1887 3739 Homerica
1954 3671 2057 3737 illa
2096 3671 2267 3747 ''Ac-n
2330 3673 2365 3748 ἡ
2428 3670 2677 3743 πάντας

691 3982 732 4054 ¹)
790 3984 890 4046 τῆς
947 3977 1009 4035 δὲ
1064 3982 1421 4044 κατασκευῆς
1482 3978 1590 4034 τῶν
1634 3977 1781 4047 ἱερῶν
1823 3974 1851 4040 ἦ
1893 3972 2131 4041 διάθεσις
2175 3973 2432 4037 τοιαύτη.
2516 3971 2677 4047 (Vide

620 4068 749 4127 edit.
787 4070 941 4144 Greg.
980 4069 1219 4126 Corinth.
1258 4090 1312 4145 p.
1349 4070 1454 4125 952
1489 4068 1549 4124 in
1583 4067 1809 4139 Indice).

689 4158 732 4229 2)
789 4158 870 4215 Cf.
906 4155 1053 4215 Edit.
1091 4154 1376 4215 Schmidtii
1407 4155 1467 4212 in
1499 4174 1646 4215 vooe.
