3320 5169
1662 476 1746 538 38

676 691 953 757 tiendum
1021 690 1184 777 quod
1239 689 1453 757 Cicero
1510 691 1577 754 in
1638 689 1912 754 oratione
1966 711 2078 776 pro
2135 686 2270 774 lege
2329 686 2586 752 Manilia
2648 687 2723 752 de

670 810 1169 898 imperatoribus:
1220 851 1254 891 n
1265 833 1467 876 verum
1506 816 1707 875 tamen
1743 809 1876 874 laus
1910 808 2037 874 illis
2065 804 2165 873 'est
2202 806 2522 873 tribuenda
2559 806 2722 892 quod

670 936 954 1018 egerunt3
999 931 1177 996 venia
1221 930 1421 995 danda
1464 929 1624 1016 quod
1671 927 2106 1014 reliquerunt’'.

757 1048 1061 1115 Palmaria
1115 1049 1534 1117 emendatione
1594 1055 1900 1114 correctus
1957 1054 2048 1113 est
2108 1046 2279 1112 locus
2323 1046 2388 1111 in
2436 1046 2719 1133 Aeschyli

669 1168 1062 1255 Supplicibus
1109 1169 1212 1255 (cf.
1258 1169 1444 1236 Dind.
1493 1168 1758 1234 Praefat.
1806 1167 1952 1234 edit.
1999 1166 2366 1232 Oxoniensis
2403 1168 2481 1251 (a.
2524 1168 2718 1251 1851)

662 1311 727 1374 p.
773 1286 1118 1374 XXVIII).
1187 1287 1452 1353 Exhibet
1497 1288 1688 1353 codex
1731 1287 1956 1352 unicus
1999 1285 2313 1352 Mediceus
2358 1308 2418 1351 v,
2467 1288 2628 1350 254:

977 1468 1085 1535 xx)
1133 1473 1351 1534 πᾶσαν
1399 1467 1674 1543 αἵδνης
1724 1466 1985 1546 διάλγος
2035 1464 2290 1547 ἔρχεται

979 1591 1315 1671 Στρυμὼν,
1365 1585 1434 1653 τὸ
1484 1588 1630 1669 πρὸς
1681 1586 1953 1658 δύνοντος
2003 1586 2175 1660 ἡλίου
2224 1589 2449 1664 κρατῶ.

751 1772 871 1837 Pro
933 1770 1146 1848 αἵδνης
1209 1794 1284 1836 ex
1337 1771 1563 1836 unciali
1625 1772 1924 1858 scriptura
1992 1771 2354 1837 eruendum·
2387 1769 2719 1836 AIANHC

659 1891 702 1957 i.
735 1914 788 1957 e.
837 1888 985 1956 αἷσιν
1038 1886 1127 1964 ἧς.
1223 1892 1545 1955 Praeterea
1600 1889 1863 1969 διάλγος
1923 1897 2259 1955 monstrum
2319 1912 2449 1955 esse
2508 1896 2720 1955 natum

664 2033 739 2077 ex
785 2011 1097 2076 vocabulis
1145 2012 1235 2075 δι’
1266 2010 1418 2088 οὶγν
1440 2010 1466 2074 ὸ
1490 2035 1518 2082 ς
1577 2009 1787 2096 ligatis
1845 2009 2037 2074 literis
2095 2009 2349 2074 exaratis
2405 2009 2505 2095 (cf.
2551 2009 2721 2076 Pers.

663 2151 722 2196 v.
769 2131 926 2215 497)
986 2136 1162 2194 acute
1224 2130 1384 2195 vidit
1429 2129 1943 2194 WordsworthuS.
2037 2128 2195 2194 Vide
2253 2150 2493 2213 quoque
2547 2130 2722 2194 Stan-

662 2246 848 2313 leium
897 2247 972 2313 ad
1018 2247 1224 2336 Suppl.
1272 2273 1333 2315 v.
1384 2252 1534 2315 683.

753 2366 1004 2432 Editum
1066 2390 1193 2432 esse
1249 2367 1412 2454 apud
1471 2368 1805 2433 Diodorum
1855 2369 1913 2431 ἐν
1969 2367 2189 2432 Αὐλίδι
2236 2390 2347 2454 pro
2400 2368 2459 2430 ἐν
2518 2367 2747 2451 Λυδίᾳ.

666 2484 905 2573 egregie
957 2486 1233 2553 observat
1278 2488 1604 2552 Piersonus
1653 2490 1981 2573 (ΛΤΔΙΛΙ
2010 2525 2096 2538 --
2129 2488 2478 2572 ΑΤΛΙΔΙ).

763 2607 942 2694 Apud
991 2608 1173 2674 Dion.
1220 2607 1494 2673 Cassium
1544 2609 1706 2695 (Lib.
1756 2613 1873 2691 48,
1921 2633 1981 2696 p.
2031 2611 2184 2694 382)
2232 2609 2295 2673 in
2342 2607 2512 2673 libris
2558 2615 2680 2673 est:

826 2778 1073 2858 ἐγένετο
1119 2779 1234 2858 μὲν
1283 2779 1387 2843 καὶ
1440 2780 1755 2861 ἐνιαυριόις
1802 2789 1928 2853 τοῖς
1981 2782 2285 2861 παρθίνοις
2336 2780 2591 2856 κίνησις.

763 2958 888 3024 Alii
950 2958 1126 3024 aliter
1170 2959 1370 3025 locum
1425 2966 1740 3026 tentarunt
1800 2962 1905 3026 sed
1967 2962 2158 3048 ipsam
2204 2961 2425 3027 Dionis
2484 2984 2731 3026 manum

674 3078 949 3147 restituit
994 3080 1265 3166 Heringa
1322 3087 1525 3146 noster
1580 3081 1949 3147 correctione
2010 3088 2135 3146 tam
2189 3082 2356 3147 facili
2411 3105 2592 3166 quam
2639 3083 2732 3147 in·

674 3199 919 3288 geniosa
944 3202 1016 3286 ¹).
1087 3198 1296 3265 Unum
1338 3200 1709 3267 vocabulum
1769 3200 1835 3266 in
1879 3202 1998 3268 duo
2051 3225 2354 3288 separasse
2407 3203 2731 3268 suffecerit.

677 3321 918 3406 Nempe
957 3319 1034 3384 ἐν
1078 3320 1466 3406 Ἰλ(λ)υριό
1490 3346 1557 3393 ις
1593 3324 1644 3407 2)
1687 3329 1814 3389 τοῖς
1846 3320 2161 3401 Παρθίνοις
2195 3320 2426 3396 κίνησις
2460 3321 2727 3398 ἐγένετο.

768 3441 1054 3507 Feliciter
1097 3464 1290 3528 nuper
1335 3442 1598 3527 aequalis
1656 3463 1830 3505 meus
1890 3440 2077 3505 Polak
2134 3440 2381 3505 eandem
2444 3441 2566 3506 sere
2612 3464 2733 3506 me-

683 3561 949 3626 dicinam
994 3561 1275 3627 adhibuit
1324 3560 1522 3627 Schol.
1573 3562 1648 3626 ad
1690 3560 1906 3647 Odyss
1955 3561 2047 3640 H,
2099 3563 2249 3625 318.
2343 3559 2599 3640 Quaerit
2646 3557 2732 3634 εἷς

680 3686 802 3746 τῶν
873 3681 1285 3761 ἔνο-τακτικῶν,
1358 3686 1428 3744 ut
1502 3673 1781 3766 pluribus
1834 3680 1971 3743 aliis
2023 3679 2206 3759 lociS‚
2268 3702 2374 3744 cur
2436 3680 2735 3745 Phaeaces

756 3967 795 4037 ¹)
850 3963 1115 4035 Heringa,
1150 3962 1307 4019 Obss,
1346 3961 1478 4018 Crit.
1515 3962 1644 4035 Cap.
1680 3961 1759 4018 Π.

756 4061 798 4131 ²)
835 4056 1022 4114 Litera
1066 4065 1108 4115 λ
1151 4057 1207 4113 in
1253 4055 1403 4113 libris
1450 4055 1757 4128 saepissime
1809 4054 2034 4129 simplex
2086 4057 2315 4113 occurrit
2367 4075 2463 4130 pro
2508 4054 2735 4129 duplici,

684 4154 884 4229 duplex
917 4174 1012 4228 pro
1050 4154 1294 4229 simplici.
1367 4153 1519 4210 Idem
1555 4151 1866 4209 observatur
1900 4151 1956 4206 in
1994 4172 2034 4222 ρ.
