3320 5169
1541 524 1621 586 51

637 746 690 799 Σ
740 741 800 800 et
847 745 899 799 Θ
957 735 1235 799 confusio
1293 756 1748 819 nonnumquam
1808 757 1931 798 non
1982 739 2108 798 tam
2155 755 2230 799 ex
2275 735 2605 820 figurarum

548 855 944 920 similitudine
990 860 1120 918 orta
1188 860 1280 918 est
1348 877 1529 939 quam
1596 877 1669 918 ex
1739 854 2251 939 pronuntiatione.
2339 863 2392 917 Θ
2443 853 2603 919 enim

547 974 752 1038 eodem
798 974 921 1038 fere
977 973 1153 1037 modo
1200 972 1524 1037 efferebant
1569 995 1690 1056 quo
1738 972 1927 1059 Angli
1974 975 2060 1038 th.

635 1093 713 1158 In
757 1092 972 1157 Bionis
1009 1092 1374 1173 Ἐπιταφίῳ
1410 1093 1726 1165 Ἀδώνιδος
1778 1115 1835 1157 v.
1887 1095 1968 1156 54
2017 1091 2247 1157 editur:

635 1260 942 1339 θνοέσκεις,
989 1257 1030 1325 εὖ
1076 1261 1442 1342 τριπόθατε,
1495 1260 1723 1333 πόθος
1777 1260 1839 1325 δέ
1887 1285 1987 1339 μοι
2037 1262 2113 1332 ὥς
2162 1257 2301 1340 ὄναρ
2351 1258 2534 1335 ἔνι-τη.

638 1441 936 1521 Quamvis
992 1441 1224 1505 lubrica
1284 1463 1376 1505 res
1431 1441 1510 1505 sit
1573 1441 1997 1506 Bucolicorum
2064 1440 2437 1520 emendatiO,
2511 1439 2613 1505 hie

550 1567 754 1625 tamen
801 1584 924 1626 non
980 1559 1385 1625 dubitandum
1437 1582 1529 1623 me
1575 1559 1780 1623 iudice
1818 1559 1968 1643 quin
2005 1581 2146 1622 cum
2178 1558 2614 1623 Valckenaerio

551 1680 915 1745 mutandum
961 1682 1072 1746 sit:
1123 1680 1357 1750 πόσις
1407 1680 1468 1743 δέ
1517 1703 1619 1756 μοι
1669 1682 1743 1750 ὡς
1793 1678 1933 1758 ὄναρ
1984 1677 2164 1752 ἔνι-τη.
2224 1679 2302 1742 cf.
2352 1701 2411 1743 v.
2465 1680 2571 1743 50.

643 1808 691 1862 Ζ
741 1823 917 1886 saepe
953 1799 1022 1864 in
1069 1801 1411 1865 minuscula
1459 1822 1571 1864 nec
1618 1822 1738 1863 non
1786 1798 1851 1862 in
1908 1797 2132 1863 unciali
2178 1798 2479 1883 scriptura
2526 1796 2619 1861 in-

555 1917 790 1982 terdum
853 1924 1262 1982 commutatur
1319 1941 1456 1982 cum
1521 1926 1579 1980 T
1629 1925 1691 1983 et
1740 1927 1780 1984 Ξ
1834 1918 1908 2002 (si
1969 1917 2171 1982 media
2212 1917 2434 1982 lineola
2494 1939 2619 1981 non

556 2042 648 2099 est
694 2035 1138 2121 horizontalis).
1234 2038 1338 2102 Sic
1399 2060 1573 2124 saepe
1635 2040 1834 2120 ἐζήτει
1901 2061 2010 2124 pro
2075 2037 2277 2119 ἐξῄτει
2333 2059 2624 2123 reponen-

558 2155 705 2219 dum
765 2157 896 2220 vice
953 2177 1140 2222 versa.
1193 2157 1293 2242 (cf.
1358 2157 1544 2222 DorV.
1607 2158 1673 2222 in
1735 2157 1967 2223 Charit.
2029 2181 2090 2244 p.
2156 2159 2263 2243 57)
2331 2154 2626 2221 Iocularis

559 2280 652 2338 est
706 2297 870 2339 error
921 2297 1034 2340 nec
1099 2282 1295 2340 tamen
1360 2277 1710 2361 infrequens
1765 2278 1817 2341 si
1879 2278 2008 2364 ipse
2070 2275 2309 2364 Iupiter
2355 2276 2623 2363 optimus

559 2393 860 2456 maximus
920 2394 1106 2458 vertit
1160 2395 1226 2459 in
1286 2396 1631 2461 articulum.
1736 2397 1917 2476 Quod
1978 2419 2028 2461 e.
2078 2420 2139 2482 g.
2202 2396 2432 2460 factum
2502 2416 2631 2458 esse

564 2512 724 2598 apud
779 2511 965 2576 Clem.
1027 2512 1198 2578 Alex.
1261 2513 1482 2579 Strom.
1535 2515 1609 2595 V,
1677 2538 1736 2601 p.
1790 2518 1951 2596 716,
2015 2521 2189 2578 acute
2246 2513 2398 2578 vidit
2448 2512 2629 2576 Valc-

567 2630 884 2696 kenaerius
935 2632 1155 2715 (Diatr.
1204 2633 1268 2697 in
1323 2633 1538 2720 fragm.
1587 2634 1865 2721 Euripid.
1912 2633 2059 2720 Cap.
2107 2634 2268 2715 VII,
2319 2657 2378 2719 p.
2431 2634 2562 2719 63).

749 2773 1039 2850 Ἀμφίων
1090 2773 1264 2851 λέγει
1314 2783 1391 2856 τῇ
1429 2775 1751 2855 Ἀντιόπῃ·

753 2894 886 2958 οὐδὲ
934 2895 1058 2975 γαρ
1105 2893 1306 2975 λάθρα
1355 2896 1503 2959 δοκῶ

749 3014 961 3095 φωτὸς
1011 3014 1358 3094 κακούργου
1408 3016 1703 3094 σχήματ’
1736 3014 2186 3092 ἕκμιμούμενον

753 3134 846 3199 σοὶ
894 3134 1100 3209 τήνδ’
1133 3134 1191 3205 ἐς
1241 3135 1447 3211 εὐνὴν,
1495 3130 1696 3215 ὥσπερ
1746 3131 2089 3215 ἄνθρωπον,
2139 3143 2379 3213 μολεῖν.

678 3275 917 3356 „Causa
971 3276 1078 3341 vix
1135 3276 1376 3341 videtur
1444 3298 1551 3341 cur
1616 3277 1785 3350 τήνδ’
1829 3278 1887 3348 ἐς
1954 3276 2126 3349 εὐνὴν
2189 3275 2447 3342 dixerit:
2518 3297 2641 3339 una

575 3394 754 3459 litera
801 3401 1036 3459 mutata
1080 3394 1250 3461 Iovis
1295 3418 1516 3461 nomen
1562 3396 1860 3482 ZHN[A]
1910 3394 2266 3461 restituet'':

579 3612 664 3669 his
711 3610 888 3668 verbis
937 3610 1347 3684 interpretatur:
1405 3609 1428 3664 ὁ
1470 3614 1570 3681 μὲν
1613 3611 1734 3677 νοῦς
1776 3609 1901 3668 ἐστὶ
1950 3609 2186 3668 τοιόσδε·
2257 3609 2337 3668 Οὐ
2390 3614 2496 3685 γὰρ
2545 3610 2638 3668 ἐπὶ

583 3710 715 3773 ταῖς
754 3709 912 3764 κατὰ
958 3707 1113 3777 νόμον
1152 3705 1559 3778 ὠφελείαις
1604 3708 1669 3763 αἱ
1712 3709 1822 3765 τῶν
1858 3708 2138 3778 ἑταιρειῶν
2179 3706 2468 3781 ἐγίγνοντο
2514 3708 2640 3765 σύν-

582 3802 726 3867 οδοι,
773 3801 916 3859 ἀλλ’
952 3801 1045 3860 ἐπὶ
1088 3808 1166 3878 τῷ
1210 3805 1359 3873 παρα
1401 3807 1535 3870 τοὺς
1577 3806 1770 3874 νόμους
1812 3808 2191 3862 πλεονεκτεῖν.

655 3898 931 3957 Videndus
969 3899 1130 3956 etiam
1159 3900 1426 3956 Isocrates
1453 3900 1615 3972 (Phil.
1639 3901 1711 3969 V,
1738 3903 1829 3974 40)
1867 3901 1963 3958 ubi
1998 3902 2152 3959 dioit:
2192 3898 2315 3958 οῖδα
2351 3904 2456 3973 γαρ
2493 3901 2645 3958 ἀποί-

584 4017 689 4063 σας
743 3999 850 4063 τας
893 3998 1091 4064 πόλεις
1132 3997 1532 4067 ιδμαλισμένας
1580 3998 1683 4054 ὑπὸ
1727 4001 1836 4055 τῶν
1890 3997 2206 4070 συμφορῶν,
2254 3996 2643 4070 ὥσθ’ἧγοῦμαι

585 4095 735 4152 πολὺ
781 4097 1007 4164 μᾶλλον
1051 4092 1233 4160 αὐτᾶς
1277 4092 1586 4163 αἱρήσεσθαι
1631 4096 1737 4160 ’τὰς
1774 4091 1839 4150 ἐκ
1877 4097 1978 4159 τῆς
2014 4092 2259 4163 ὁμονοίας
2300 4091 2637 4167 ὠφελείας

586 4190 616 4255 ἢ
663 4196 770 4258 τὰς
810 4191 875 4249 ἐκ
918 4195 1028 4251 τῶν
1073 4192 1213 4250 τότε
1255 4190 1652 4262 πραττομένων
1694 4188 2041 4263 πλεονεξίας.

2312 4298 2383 4343 44(-
