3320 5169
1678 522 1758 585 74

674 730 811 797 ἔνιαι
859 732 923 797 δὲ
967 741 1115 805 ταῖς
1157 732 1518 812 ἡγεμονίαις
1563 734 2189 801 συνεπακολουθείτω.
2242 736 2269 800 ὂ
2318 737 2381 802 δὲ
2426 737 2732 820 Αρίστοερ-

672 877 790 935 9501,-
813 855 891 940 (P)
942 862 1069 927 τοῖς
1118 861 1239 919 τῶν
1284 852 1636 935 ἀνακτόρων
1686 857 1937 920 vicio-1·
1987 852 2132 937 ὅπερ
2182 857 2315 922 ἐστὶ
2357 857 2742 945 βέλτιον(Ρ)..

676 976 845 1040 Satis
885 975 1204 1056 mendose,
1262 981 1337 1040 ut
1379 974 1514 1039 luce
1574 975 1794 1041 clarius
1862 983 2112 1063 apparet
2172 1000 2245 1042 ex
2304 978 2438 1064 ipso
2492 1000 2690 1043 rerum
2708 1029 2726 1061 ‚

674 1118 830 1180 quae
892 1095 956 1160 in
1028 1094 1300 1182 Odyssea
1364 1102 1719 1176 narrantur,
1791 1102 2080 1161 contextu
2149 1102 2212 1161 et
2278 1119 2352 1161 ex
2421 1095 2730 1183 Hesychio

674 1216 762 1301 (in
808 1217 1014 1300 voce);
1069 1236 1266 1299 neque
1335 1214 1553 1279 mirum
1622 1215 1822 1279 locum
1894 1216 2213 1302 Apollonii
2278 1216 2416 1303 plus
2469 1217 2651 1281 semel
2695 1240 2730 1282 a

672 1334 900 1398 criticis
960 1339 1495 1398 commemoratum
1555 1355 1686 1398 esse
1745 1334 1796 1398 si
1858 1335 1996 1419 quis
2045 1334 2226 1399 vellet
2279 1334 2480 1421 lepide
2522 1335 2729 1400 tradu-

672 1475 806 1517 cere
876 1451 1287 1518 incredibilem
1354 1454 1689 1519 scribarum
1753 1453 2177 1538 editorumque
2240 1453 2727 1540 incogitantiam.

672 1572 834 1638 lllud
880 1573 1159 1659 equidem
1207 1573 1393 1638 miror
1440 1572 1518 1639 G.
1565 1573 1950 1638 Dindorfium
1995 1574 2194 1638 virum
2241 1573 2727 1656 celeberrimum,

672 1692 781 1777 qui
827 1691 1026 1757 Schol.
1085 1693 1151 1757 in
1196 1691 1314 1757 Od.
1371 1715 1510 1779 pag.
1560 1696 1685 1757 616
1736 1690 1918 1758 verba
1972 1693 2286 1778 Apollonii
2356 1693 2436 1758 ad
2500 1694 2727 1760 calcem

671 1811 931 1891 adiecit,
979 1812 1370 1876 manifestum
1417 1833 1677 1876 errorem
1723 1833 1846 1875 non
1892 1811 2237 1878 correxisse.

1645 1919 2246 1928 —-——

758 1940 925 1995 HHP
961 1933 1282 2014 τ--ποιτῆρ
1360 1935 1566 2020 (πρὸς,
1647 1934 1785 2016 πρὶ,
1864 1959 2027 2014 προι,
2105 1935 2245 2018 περ)
2316 1933 2382 1998 in
2450 1931 2727 1997 vocativo

667 2052 1020 2139 praesertim
1066 2075 1204 2118 cum
1252 2055 1363 2135 πὲρ
1413 2060 1475 2119 et
1519 2055 1655 2135 περὶ
1709 2060 2177 2120 commutarunt.

756 2171 903 2237 Eur.
952 2171 1084 2237 Ion.
1138 2195 1199 2238 V.
1246 2176 1369 2241 587
1429 2196 1555 2258 seq.

940 2351 1085 2436 (ἐγὼ
1134 2351 1195 2415 δὲ
1244 2353 1354 2426 ’τὴν
1402 2352 1518 2429 μὲν
1565 2352 1896 2434 συμφορὰν
1946 2351 2318 2435 ἀσπάζομαι

943 2471 1189 2553 πατέρα
1238 2476 1297 2536 σ’
1329 2474 1611 2554 ἀνευρών·
1663 2469 1737 2538 ὧν
1786 2472 1850 2537 δὲ
1895 2475 2223 2552 γιγνώσκω
2273 2470 2450 2552 πέρι

941 2594 1254 2679 ἄκουσον.)

760 2769 1072 2834 Dobraeus
1139 2768 1234 2833 vir
1302 2769 1600 2831 maximae
1670 2766 2049 2831 auctoritatis
2119 2766 2352 2830 mavult
2418 2792 2532 2847 περ
2590 2769 2633 2833 i.
2674 2789 2727 2832 e.

672 2887 908 2969 πάτερ,
972 2887 1136 2972 quod
1183 2887 1332 2950 mihi
1379 2892 1580 2950 tamen
1635 2890 1980 2972 suspectum
2027 2892 2135 2951 est.
2231 2887 2508 2952 Certiora
2553 2909 2731 2971 quae-

672 3008 814 3072 dam
869 3007 1175 3093 congessit
1221 3005 1690 3070 Valckenaerius
1743 3005 1809 3070 in
1869 3006 2142 3071 Schedis,
2236 3006 2543 3072 Edebatur
2588 3031 2644 3073 e.
2677 3031 2727 3072 c.

672 3127 832 3214 apud
901 3125 1308 3212 Hesychium:
1380 3126 1636 3201 Ἐνηῆς,
1726 3125 2015 3206 σώφρων,
2097 3127 2375 3204 ἀγαθὸς,
2458 3128 2723 3202 ἀληθὴς,

670 3248 1063 3327 πατρῷος.
1161 3249 1361 3311 Acute
1406 3245 1752 3312 Bentleius:
1802 3251 2080 3329 πρᾷος.

759 3369 1064 3454 Perpetua
1133 3372 1225 3428 est
1293 3365 1359 3429 in
1411 3366 1582 3430 libris
1643 3366 1919 3431 confusio
1973 3367 2290 3431 nominum
2338 3374 2619 3447 Προκλῆς
2670 3372 2734 3430 et

672 3492 1039 3565 Πατροκλῆς
1092 3469 1439 3569 (Unam).
1511 3486 1696 3570 Apud
1729 3484 2109 3550 Herodotum
2159 3506 2295 3549 v.c.
2345 3484 2503 3569 (Lib.
2531 3485 2726 3565 VIII,

675 3608 828 3689 130)
896 3611 1190 3689 tyrannus
1237 3603 1600 3689 Epidaurius
1664 3626 1974 3690 perperam
2045 3604 2187 3668 olim
2246 3603 2581 3689 appellatus
2641 3610 2733 3669 est

672 3721 983 3788 Patrocles
1031 3721 1155 3807 (Cf.
1202 3722 1461 3787 Pausan.
1511 3721 1615 3802 II,
1666 3725 1799 3807 28).

764 3840 1082 3905 Similibus
1150 3841 1453 3905 erroribus
1521 3865 1725 3906 ansam
1797 3841 1965 3906 dedit
2034 3841 2221 3904 forma
2290 3824 2469 3905 VIR—P
2504 3825 2728 3927 (ᾖ)

673 3962 875 4039 μήτηρ
924 3981 1061 4023 cum
1110 3959 1422 4025 derivatis.

671 4112 680 4121 ·
766 4088 1056 4146 OTNOC
1100 4112 1181 4136 =
1224 4080 1469 4161 οὐρανὸς
1544 4083 1680 4165 (nec
1749 4101 1874 4143 non
1947 4085 2267 4143 OTNIOC
2312 4110 2393 4134 =
2436 4078 2728 4163 οὐράνιος)

675 4200 885 4265 doctos
961 4201 1222 4266 editores
1297 4199 1482 4286 probe
1560 4198 1817 4284 decepit.
1933 4197 2314 4264 Praeclarum
2353 4177 2732 4286 ‘exemplum
