3320 5169
1685 517 1768 579 32

696 725 962 805 πάρεστι
1027 731 1090 790 et
1150 725 1431 806 παρέστη
1503 726 1951 812 ineptissimum
2018 727 2086 791 in
2152 727 2399 793 modum
2464 728 2626 794 inter
2693 750 2757 794 se

700 845 1012 913 confundi.

785 963 958 1031 Idem
993 988 1236 1052 prorsus
1274 966 1438 1031 valet
1478 966 1552 1031 de
1582 966 2009 1053 antiquissima
2046 969 2493 1054 permutatione
2529 994 2576 1034 ει
2620 975 2681 1033 et
2713 992 2755 1034 ι.

694 1084 888 1151 Cuius
947 1085 1034 1163 rei
1097 1085 1174 1151 ad
1236 1085 1657 1152 testimonium
1718 1107 1932 1152 vocare
1987 1109 2226 1174 possem
2285 1087 2508 1153 multos
2560 1110 2755 1175 gram-

698 1206 953 1270 maticos
1009 1211 1069 1269 et
1115 1204 1610 1292 lexicographoS,
1659 1206 1954 1271 Photium
1999 1207 2299 1293 imprimis
2346 1214 2407 1272 et
2461 1207 2756 1293 Hesychii

696 1326 760 1390 in
806 1324 915 1391 EI.
1008 1325 1127 1390 Sed
1174 1325 1276 1390 vix
1337 1348 1490 1413 opus
1536 1331 1630 1390 est
1646 1352 1666 1404 3
1730 1326 1957 1391 dudum
2015 1327 2181 1392 enim
2227 1326 2302 1392 de
2348 1327 2466 1392 hoc
2513 1349 2755 1414 corrup-

695 1445 846 1509 telae
891 1467 1107 1531 genere
1153 1450 1389 1508 constat
1436 1444 1594 1509 inter
1648 1466 1872 1510 omnes».
1966 1445 2353 1532 Quamquam
2415 1446 2582 1511 haud
2622 1469 2755 1512 raro

695 1563 858 1650 apud
925 1563 1137 1628 doctos
1204 1562 1462 1628 editores
1532 1568 1604 1627 ut
1675 1563 1817 1628 olim
1888 1564 1978 1629 sic
2046 1588 2210 1631 nunc
2271 1564 2297 1628 ὃ
2358 1571 2489 1637 νοῦς
2546 1566 2752 1647 παρὼν

693 1683 1015 1761 ἀποδημεῖ
1076 1684 1163 1748 ita
1231 1688 1300 1747 ut
1369 1682 1662 1769 pessimas
1737 1706 2009 1769 quasque
2079 1685 2303 1750 formas
2373 1685 2515 1750 inde
2582 1691 2754 1750 natas

693 1808 903 1868 contra
949 1809 1178 1868 certum
1223 1802 1513 1888 loquendi
1562 1825 1743 1867 usum
1790 1810 1852 1867 et
1911 1803 2253 1890 analogiam
2316 1803 2609 1869 tenaciter
2654 1804 2753 1868 de-

692 1922 961 1988 fendant.
1054 1922 1210 2003 Quis
1254 1921 1483 2001 nescit,
1541 1928 1611 1985 ut
1657 1921 1774 1984 hoc
1820 1927 1985 2001 utar,
2047 1944 2120 1987 ex
2167 1921 2565 1987 substantivis
2609 1945 2752 1987 neu-

595 2108 598 2112 *
690 2042 844 2107 trius
907 2041 1143 2128 generis
1201 2041 1267 2106 iu
1329 2066 1389 2112 ος
1451 2062 1688 2104 summa
1751 2040 2094 2104 constantia
2154 2041 2409 2106 derivari
2457 2041 2753 2106 adiectiva

691 2163 756 2226 in
822 2162 887 2234 ἧς
955 2168 1024 2226 ut
1097 2159 1311 2237 γένος,
1386 2158 1705 2236 εὐ-γενῆς,
1781 2158 1999 2238 μένος,
2074 2160 2446 2239 Buff-pesum,
2522 2159 2750 2238 πάθος,

690 2281 971 2353 α-παθὴς
1014 2280 1169 2345 etc.?
1213 2285 1479 2343 attamen
1526 2284 1670 2343 sunt
1719 2279 1826 2362 qui
1874 2278 2352 2344 membranarum
2391 2280 2752 2346 auctoritate

692 2401 833 2465 freti
880 2424 916 2466 a
962 2408 1154 2471 νεῖκος
1203 2400 1458 2464 formam
1505 2397 1853 2480 φιλόνεικος
1904 2399 2145 2463 ductam
2192 2422 2323 2464 esse
2364 2399 2750 2466 contendant.

696 2520 884 2600 ''Cras
929 2517 1232 2586 credam”.
1328 2519 1507 2584 Dicat
1561 2518 1812 2604 aliquis:
1872 2518 2022 2605 quid
2071 2518 2301 2606 igitur?
2348 2542 2493 2586 num
2540 2519 2753 2586 invitis

694 2642 890 2727 poetis
937 2641 1294 2705 mutandum
1336 2640 1743 2722 φιλονεικήςῖ
1811 2639 2069 2704 Minime
2110 2640 2409 2726 gentium.
2470 2640 2754 2725 Namque

697 2762 891 2827 multo
949 2762 1065 2827 erit
1125 2768 1187 2826 et
1246 2761 1487 2826 facilius
1547 2767 1607 2825 et
1669 2759 1881 2824 melius
1943 2757 2166 2844 ubique
2230 2781 2506 2824 revocare
2567 2758 2753 2841 φιλό-

697 2880 932 2958 νίκος,
979 2878 1384 2963 φιλονικία,
1430 2885 1829 2962 φιλονικεῖν
1863 2881 1913 2963 ι)
1955 2901 2109 2963 quae
2147 2878 2350 2943 omnia
2390 2886 2532 2944 sunt
2572 2879 2755 2945 verba

697 3002 1077 3087 incorruptae
1123 3000 1507 3067 Graecitatis,
1596 3056 1602 3062 .

784 3123 1101 3189 Caeterum
1172 3121 1383 3186 doctos
1452 3124 1515 3185 et
1580 3118 1859 3185 indoctos
1927 3117 2056 3182 sine
2104 3117 2478 3203 exceptione
2546 3137 2755 3182 omnes

694 3244 758 3308 in
828 3264 1083 3308 errorem
1151 3239 1397 3306 induxit
1464 3238 1799 3304 scribarum
1853 3234 2218 3314 Ἀκαδημία
2290 3236 2450 3301 unde
2523 3235 2755 3301 factum

695 3369 766 3426 ut
833 3361 1016 3427 hodie
1095 3358 1464 3426 academiam
1544 3357 1819 3423 dicamus
1891 3377 2045 3440 quae
2120 3354 2282 3441 apud
2362 3353 2626 3420 Graecos
2694 3362 2756 3420 et

694 3481 999 3546 Romanos
1066 3502 1298 3566 semper
1366 3478 1669 3566 appellata
1727 3482 1855 3541 erat
1904 3473 2335 3552 Ἀκαδήμεια,
2404 3474 2751 3541 Academia.

697 3601 755 3686 (e
785 3599 995 3666 multis
1029 3598 1180 3664 locis
1209 3597 1353 3664 vide
1377 3596 1695 3683 Aristoph.
1732 3591 1945 3659 Nubb.
1991 3595 2159 3659 1002
2176 3643 2197 3675 ‚
2232 3591 2362 3661 Cic.
2394 3593 2468 3659 de
2499 3594 2650 3662 Div.
2686 3595 2752 3675 I,

693 3718 843 3806 Cap.
894 3719 1026 3804 13).

786 3837 927 3903 Alia
999 3836 1267 3923 exempla
1344 3836 1396 3900 si
1473 3834 1611 3920 quis
1692 3833 1930 3920 quaerit
2008 3839 2244 3919 praeter
2312 3834 2461 3899 haec
2540 3855 2754 3919 operae
2799 3891 2802 3892 ι

772 4201 812 4271 ¹)
867 4198 949 4256 Cf.
987 4196 1121 4255 Cob.
1154 4197 1294 4255 Nov.
1337 4198 1491 4257 Lect.
1533 4217 1585 4273 p.
1622 4199 1746 4256 691.
