3320 5169
1714 584 1793 646 18

727 796 1011 884 Orpheus
1071 796 1263 862 edixit
1314 796 1598 861 neminem
1658 795 1836 883 effari
1893 794 2145 879 ericepeo
2162 844 2181 874 ,
2241 795 2670 861 suavissimum
2718 795 2783 861 in

729 916 979 982 modum
1034 916 1282 982 meliora
1328 916 1505 983 docet
1565 913 1882 980 Bentleius
1932 914 2040 1000 qui
2085 921 2348 980 veterem
2406 938 2478 980 ac
2535 915 2783 1002 probam

728 1036 1058 1102 lectionem
1107 1036 1280 1121 quasi
1323 1035 1651 1121 fugitivam
1698 1034 1953 1099 reducit.
2044 1032 2398 1099 Certissima
2449 1041 2542 1099 est
2586 1056 2781 1100 emen·-

730 1156 897 1220 datio
931 1162 1001 1221 ut
1037 1178 1213 1221 nemo
1251 1155 1515 1241 amplius
1555 1153 1833 1218 dubitare
1871 1154 2093 1240 possit:
2140 1148 2209 1218 οὖ
2240 1152 2434 1232 ὄνομα
2461 1154 2783 1237 ὂὈρφεὺς

731 1275 1009 1349 ἑκούσας
1057 1277 1128 1340 ἐκ
1175 1282 1285 1350 τῆς
1332 1272 1642 1355 μαντείας
1697 1271 1908 1349 ἐξεῖπε
1963 1281 2149 1351 μῆτιν
2193 1270 2579 1415 ιοέφιέναέτα,
2618 1271 2629 1409 Ι
2664 1278 2786 1356 ἠρι-

736 1480 954 1568 κεπείν
997 1460 1070 1542 1).
1141 1456 1374 1523 Deinde
1419 1456 1626 1543 paullo
1673 1454 1832 1519 infra
1877 1457 2051 1542 plane
2096 1456 2307 1522 eodem
2350 1458 2532 1523 modo
2577 1459 2789 1522 multis

737 1638 971 1704 mendis
1024 1637 1242 1703 liberat
1286 1637 1699 1725 Hesychium‚
1756 1635 1864 1700 sed
1906 1636 2050 1701 nolo
2099 1637 2273 1723 plura
2333 1638 2435 1703 hic
2497 1639 2792 1705 ascribere

738 1778 893 1843 quae
959 1758 1088 1844 ipse
1156 1756 1475 1822 Bentleius
1553 1754 1999 1843 elegantissime
2072 1756 2463 1824 demonstrat.
2569 1758 2792 1824 Statim

733 1878 927 1965 igitur
972 1899 1161 1964 pergo
1195 1877 1272 1942 ad
1308 1876 1525 1942 nobile·
1562 1876 1879 1940 inventum
1902 1874 2325 1941 Valckenaerii
2363 1874 2607 1963 (θοι-011.
2639 1875 2792 1942 Crit.

734 2020 798 2084 p..
846 1996 1027 2083 286).

829 2114 1113 2181 Occurrit
1157 2116 1223 2179 in
1267 2114 1529 2179 Scholiis
1574 2113 1763 2181 MSS.
1810 2116 1887 2179 ad
1924 2115 2259 2202 Odysseam
2308 2118 2391 2198 (Λ
2439 2119 2588 2202 134)
2637 2116 2796 2202 frag-

738 2241 1013 2299 mentum
1080 2255 1151 2298 ex
1223 2232 1507 2318 Aeschyli
1587 2241 2024 2313 Ψυχαγωγοῖς
2106 2234 2180 2299 de
2263 2241 2456 2300 morte
2523 2234 2796 2321 Ulyssis:

741 2354 1009 2435 ἐρρωδιὸς
1083 2354 1209 2434 γὰρ
1281 2351 1502 2433 ὑψόθεν
1566 2354 1915 2432 ποτώμενος
2002 2353 2063 2420 ὃν
2141 2356 2191 2419 θ’
2220 2355 2297 2427 ὥς
2368 2353 2676 2431 tunger,
2761 2358 2794 2430 ἡ

743 2474 794 2539 δ’
841 2474 964 2545 υἱὸς
1022 2474 1417 2554 χειλώμασιν
1467 2496 1523 2537 κ.
1561 2499 1622 2539 τ.
1659 2489 1722 2539 λ.
1823 2475 2035 2539 Monet
2080 2472 2546 2541 Valckenaerius
2607 2476 2799 2561 (quod

749 2615 925 2675 nemo
985 2595 1214 2660 infitias
1278 2594 1417 2680 ibit)
1482 2595 1769 2660 dramatis
1816 2601 2236 2682 argumentum
2296 2594 2592 2681 Aeschylo
2637 2617 2803 2682 prae-

747 2714 950 2779 buisse
1011 2714 1265 2779 Homeri
1333 2714 1611 2778 Ns'xmxv
1673 2720 1856 2799 atque
1915 2716 2032 2779 ista
2095 2714 2272 2780 verba
2332 2736 2461 2779 esse
2520 2713 2805 2780 Tiresiae.

757 2833 859 2899 Ad
918 2833 1073 2898 hanc
1134 2835 1332 2899 lucem
1393 2834 1643 2899 salutem
1706 2834 1880 2899 affert
1932 2833 2128 2898 verbis
2181 2833 2411 2898 dudum
2458 2833 2806 2920 desperatis.

758 2949 985 3018 Suadet
1031 2952 1226 3019 enim:

1027 3111 1292 3194 ἐρρωδιὸς
1344 3111 1680 3198 (ἐρωδιὸς.7)
1727 3111 1853 3192 γὰρ
1905 3110 2127 3191 ὑψόθεν
2175 3112 2523 3190 ποτώμενος

1042 3233 1182 3314 ὄνθῳ
1232 3257 1303 3298 σε
1351 3231 1577 3308 πλήξει
1627 3229 1835 3306 νηδύος
1883 3232 2303 3312 χειλώμοισιν.

1966 3326 1987 3358 b

854 3407 1016 3472 Fieri
1062 3410 1268 3491 potest
1310 3409 1382 3467 ut
1431 3402 1523 3467 vel
1570 3401 1659 3466 sic
1703 3424 1827 3466 non
1872 3423 2162 3488 agnoscas
2206 3403 2497 3488 tragicam
2545 3403 2818 3468 sublimi-

768 3533 956 3592 tatem
1010 3529 1072 3588 et
1117 3520 1658 3609 magnificentiam,
1707 3542 1916 3585 verum
1965 3519 2114 3605 quid
2162 3543 2397 3603 censes,
2454 3544 2653 3587 nonne
2696 3522 2820 3609 pal·

773 3666 932 3710 mam
999 3643 1155 3708 ferre
1222 3640 1337 3706 tibi
1392 3640 1631 3704 videtur
1687 3645 1986 3704 corrector
2045 3639 2431 3706 acutissimus
2499 3648 2562 3706 et
2630 3642 2819 3707 felix?

861 3761 1182 3828 Caeterum
1218 3758 1409 3825 multa
1445 3757 1670 3822 similia
1704 3780 1779 3822 ex
1823 3758 2094 3843 professo
2129 3759 2458 3825 ostendunt
2501 3761 2822 3847 populares

775 3880 970 3949 nostri
1029 3877 1398 3944 Guilielmus
1442 3875 1739 3942 Canterus
1794 3874 1986 3962 (Nov.
2032 3877 2203 3945 Lect.
2247 3877 2386 3947 Lib.
2434 3878 2511 3961 V,
2557 3877 2708 3966 Cap.
2759 3881 2820 3965 1)

847 4257 887 4326 ¹)
950 4253 1034 4311 cf.
1069 4252 1198 4326 cap.
1234 4252 1317 4309 11.
