3320 5169
1560 517 1639 580 37

570 727 766 795 dictas
824 729 1030 795 literas
1089 729 1275 795 fuisse
1319 752 1420 795 eas
1467 751 1619 815 quae
1665 728 1901 815 pollicis
1947 727 2404 793 crassitudinem
2455 726 2628 792 habe·

570 855 708 915 rent
768 849 910 936 quia
972 847 1292 915 duodecim
1358 847 1641 935 polliceS‚
1714 847 1937 933 quibus
2003 869 2111 934 pes
2178 852 2448 926 constat,
2518 868 2627 932 pro

572 969 892 1034 duodecim
951 968 1127 1034 uncis
1188 967 1503 1034 habentur.
1566 1007 1654 1018 —
1712 966 1875 1034 Utut
1934 990 2076 1033 vero
2136 973 2228 1033 est
2286 965 2472 1033 hodie
2539 965 2629 1031 sic

573 1089 946 1176 appellantur
1027 1112 1131 1155 eae
1213 1088 1279 1154 in
1360 1088 1618 1155 vetustis
1702 1088 2014 1155 codicibus
2034 1138 2050 1169 ,
2131 1109 2285 1174 quae
2371 1086 2630 1174 priscam

572 1208 826 1275 formam
896 1215 1140 1274 servant
1213 1232 1282 1275 ac
1349 1208 1581 1275 solutae
1655 1213 1800 1273 sunt
1874 1231 1985 1274 nec
2060 1213 2276 1273 mutuo
2345 1206 2632 1293 colligan-

577 1334 695 1393 tur.
798 1327 1174 1395 Huiusmodi
1239 1328 1448 1393 literae
1523 1328 1790 1393 unciales
1857 1328 2258 1394 observantur
2325 1328 2390 1392 in
2457 1324 2633 1391 libris

576 1447 859 1513 omnibus
915 1447 992 1512 ad
1050 1470 1280 1513 nonum
1341 1470 1533 1535 usque
1587 1446 1913 1512 saeculum.
2006 1447 2189 1512 Nono
2237 1445 2464 1533 quippe
2508 1468 2632 1510 sae·

577 1565 717 1631 culo
763 1568 940 1631 finem
989 1567 1262 1632 fecerunt
1307 1567 1523 1632 Graeci
1571 1565 1916 1632 uncialibus
1961 1566 2152 1631 literis
2198 1565 2502 1632 scribendi
2547 1565 2635 1630 ita

578 1691 651 1750 ut
695 1709 772 1751 ne
816 1708 1002 1751 unum
1053 1686 1302 1771 quidem
1347 1685 1614 1751 codicem
1662 1685 1918 1750 viderim
1978 1690 2085 1750 aut
2130 1683 2358 1749 alicubi
2402 1690 2636 1749 exstare

579 1805 998 1891 compererim,
1069 1805 1178 1890 qui
1248 1809 1387 1891 post
1455 1826 1683 1870 nonum
1736 1802 2046 1868 saeculum
2093 1810 2370 1868 exaratus
2416 1800 2634 1881 fuerit,

579 1924 845 2011 exceptis
891 1930 1095 1990 tamen
1145 1924 1318 1990 libris
1363 1923 1530 1989 chori
1578 1929 1640 1988 et
1685 1922 1969 1988 ecclesiae
2016 1921 2157 1987 usui
2207 1918 2577 2007 deputatiS.”

669 2043 842 2109 Haec
909 2044 985 2108 de
1052 2044 1244 2110 lite-ris
1313 2042 1655 2108 uncialibus
1722 2041 2002 2107 universe
2070 2040 2238 2106 dicta
2313 2038 2637 2105 sufficiant.

577 2162 863 2249 Singulas
935 2186 1099 2228 nunc
1176 2187 1330 2248 quae
1402 2163 1524 2228 huc
1600 2161 1837 2227 faciunt
1912 2159 2354 2227 observationes
2430 2159 2640 2225 ordine

579 2282 921 2365 recensebo.

671 2413 761 2475 A,
824 2412 918 2475 Δ,
985 2412 1042 2466 Λ
1104 2402 1391 2468 facillime
1446 2407 1891 2489 permutantur.
1982 2402 2104 2466 Fac
2168 2400 2504 2487 periculum
2568 2400 2639 2465 in

575 2522 794 2609 quovis
855 2522 1096 2589 codice:
1159 2521 1394 2587 videbis
1455 2521 1633 2587 hasce
1695 2526 1818 2587 tres
1875 2520 2081 2586 literas
2142 2519 2375 2607 ingenii
2428 2519 2637 2607 potius

575 2665 759 2728 quam
819 2642 1133 2709 oculorum
1192 2642 1321 2708 acie
1369 2663 1497 2706 esse
1544 2640 1987 2706 discernendas.
2082 2639 2444 2728 Saepissime
2493 2640 2636 2705 inde

572 2769 754 2828 notae
819 2785 1209 2828 numerorum
1277 2761 1343 2826 in
1397 2761 1622 2846 quibus
1692 2759 2089 2834 coniectando
2157 2760 2309 2825 nihil
2378 2760 2639 2826 efficitur

574 2882 852 2948 funditus
898 2889 1210 2969 corruptae
1255 2888 1418 2946 sunt.
1512 2879 1663 2945 Vidi
1709 2880 1771 2944 in
1818 2882 2070 2965 antiqua
2115 2879 2384 2945 editione
2430 2879 2635 2946 locum

573 3001 952 3088 grammatici
991 3002 1198 3067 nescio
1237 3002 1415 3066 cuius
1457 2999 1559 3064 ubi
1601 2999 2038 3064 Demosthenes
2084 3001 2150 3064 in
2194 3006 2415 3086 quarta
2452 2998 2639 3085 Olyn-

574 3118 774 3185 thiaca
820 3119 1043 3185 dixisse
1088 3120 1310 3185 fertur:
1360 3120 1434 3184 ‘O
1480 3119 1596 3197 μὲν
1642 3113 1742 3183 οὖν
1790 3122 1997 3200 παρὼν
2047 3117 2291 3200 καιρὸς,
2338 3115 2378 3183 ὦ
2421 3117 2635 3200 ἄνδρες

574 3236 920 3313 Ἀθηναῖοι,
989 3237 1172 3318 μόνον
1238 3240 1381 3320 οὐχὶ
1451 3239 1629 3319 λέγει
1692 3239 1901 3320 φωνὴν
1962 3239 2177 3322 ἀφιεὶς
2240 3254 2493 3305 κ.τ.λ.
2544 3277 2633 3292 --

572 3355 746 3421 Talia
801 3379 871 3422 ac
928 3357 1145 3423 similia
1204 3359 1579 3439 σφάλματα
1644 3382 1844 3445 neque
1905 3359 2067 3424 inter
2126 3358 2443 3445 legendum
2506 3360 2633 3423 ani·

573 3476 968 3543 madvertisse
1015 3484 1076 3542 et
1135 3477 1366 3544 edendo
1412 3501 1769 3566 propagasse
1821 3478 1886 3543 in
1934 3478 2230 3544 Aldorum
2280 3476 2633 3564 aequalibus

574 3592 750 3660 facile
801 3594 1085 3675 ferimus;
1152 3596 1558 3662 recentiorum
1627 3596 1929 3662 editorum
1989 3619 2131 3662 vero
2195 3595 2249 3660 si
2312 3596 2451 3683 quis
2505 3619 2632 3663 rem

573 3736 696 3779 non
756 3713 949 3779 multo
1005 3714 1221 3781 melius
1280 3715 1793 3782 administraverit
1838 3723 1946 3781 aut
2000 3715 2249 3781 nimiam
2295 3716 2632 3782 festinatio·

570 3855 711 3898 nem
772 3840 907 3915 aut,
977 3835 1139 3919 quod
1192 3835 1373 3900 etiam
1433 3835 1606 3922 peius
1667 3843 1792 3916 est,
1862 3835 2078 3901 iudicii
2126 3836 2503 3915 tarditatem,
2556 3857 2631 3899 ne

573 3951 773 4018 dicam
829 3951 1196 4034 absentiam,
1248 3953 1313 4018 in
1359 3978 1540 4021 causa
1586 3955 1774 4021 fuisse
1820 3955 2038 4020 merito
2085 3956 2472 4040 suspicantur
2518 3954 2631 4017 cri-

573 4071 703 4138 tici.
796 4072 872 4137 In
928 4072 1081 4137 locis
1140 4073 1632 4160 impeditioribus
1703 4081 1910 4140 contra
1970 4072 2219 4138 minime
2288 4072 2628 4139 mirandum

573 4190 625 4255 si
673 4187 758 4264 εἷς
806 4191 955 4272 ἀνὴρ
1008 4196 1072 4257 οὐ
1125 4194 1309 4257 vocuo*
1339 4193 1480 4277 ὁρᾷ,
1543 4194 1648 4259 sed
1702 4192 1950 4258 omnino
2002 4192 2076 4256 de-
2121 4191 2453 4257 editoribus
2496 4216 2630 4259 sen·
