3320 5169
1551 588 1633 651 19

569 810 632 869 et
678 803 981 869 Adrianus
1038 799 1313 888 Heringa
1369 800 1572 881 ἰατρὸς
1625 800 1775 881 ἀνὴρ
1837 794 2145 888 plerisque
2188 801 2445 868 literatis
2490 802 2623 869 lite-

568 921 755 988 ratior
802 921 1004 1007 (obss,
1052 920 1203 986 Orit.
1251 918 1398 1006 Cap.
1446 919 1541 1006 II)
1588 919 1699 985 ubi
1746 919 1902 987 vide.

661 1043 747 1106 At
807 1063 883 1106 ne
937 1046 1174 1105 nostros
1233 1039 1508 1103 homines
1574 1062 1717 1125 prae
1779 1039 2086 1105 veteribus
2154 1040 2276 1106 illis
2339 1041 2626 1107 heroibus

570 1184 844 1248 spernere
894 1161 1117 1241 videar,
1170 1160 1341 1224 iuvat
1399 1181 1699 1245 apponere
1766 1160 1919 1224 duos
1979 1159 2141 1227 locos
2197 1159 2626 1247 Thucydideos

572 1303 725 1365 quos
801 1285 1184 1345 correxerunt
1251 1279 1647 1366 Pluygersius
1724 1285 1784 1344 et
1858 1279 2299 1346 Herwerdenus
2367 1301 2466 1348 vv,
2536 1302 2625 1347 ce.

572 1400 795 1465 Videat
841 1400 971 1487 ipse
1015 1400 1224 1464 lector
1251 1399 1524 1464 eruditus
1577 1422 1655 1464 an
1700 1421 1827 1464 rem
1881 1421 1996 1465 acu
2041 1400 2375 1487 tetigerint.

659 1519 849 1585 Thuc.
897 1519 962 1600 I,
1014 1522 1125 1584 61:
1175 1517 1512 1584 -ἔπειτα
1554 1517 2025 1584 ἀπανίστανται
2076 1522 2144 1585 ἐκ
2188 1527 2299 1595 τῆς
2339 1520 2629 1585 Μακεδο-

574 1640 706 1712 νίας
739 1640 845 1704 καὶ
886 1638 1252 1721 ἀφικόμενοι
1293 1641 1353 1712 ἐς
1393 1638 1638 1721 Βέροιαν
1670 1640 1953 1705 κοὲκεῖθεν
1994 1640 2488 1723 ἐπιστρέψαντες
2521 1640 2626 1704 καὶ

576 1759 989 1841 πειρασαντες
1030 1765 1264 1842 πρῶτον
1293 1764 1400 1824 τοῦ
1432 1758 1656 1840 χωρίου
1697 1758 1802 1823 καὶ
1848 1761 1968 1840 οὐχ
1999 1760 2243 1833 ἑλόντες
2277 1761 2629 1841 ἐπορεύοντο

576 1879 745 1943 κατὰ
803 1886 922 1961 γῆν
974 1880 1120 1961 πρὸς
1170 1880 1278 1953 τὴν
1337 1877 1698 1943 Ποτίδαιαν.
1797 1879 2025 1945 Suadet
2070 1880 2466 1967 Pluygersius
2514 1879 2629 1943 xo}-

578 2001 769 2065 κεῖθεν
819 1999 919 2064 ἐπὶ
971 1999 1289 2082 Στρέψαν.
1356 1998 1600 2086 (syllaba
1646 2022 1749 2070 τες
1801 1999 2005 2064 addita
2051 2006 2143 2064 est
2188 2023 2223 2064 a
2269 1999 2481 2065 scribis
2528 2000 2636 2084 qui

576 2142 702 2185 non
746 2119 1065 2206 capiebant
1110 2119 1275 2184 istud
1322 2120 1758 2205 ἐπιστρεψαν.)

665 2239 857 2305 Thue.
903 2238 1044 2319 III,
1105 2242 1185 2303 52
1248 2239 1315 2303 in
1362 2240 1514 2304 fine:
1565 2276 1652 2289 -—
1684 2240 1735 2303 οἱ
1801 2239 1853 2304 δ’
1894 2237 2150 2316 ἔλεγον,
2222 2238 2633 2318 αἰτησάμενοι

579 2357 937 2439 μακρότερα
985 2359 1179 2423 εἰπεῖν
1233 2332 1338 2423 καὶ
1388 2357 1862 2439 προστάξαντες
1919 2365 2093 2441 σφῶν
2158 2361 2359 2425 αὐτῶν
2401 2359 2632 2425 Ἀστύ-

579 2476 796 2558 μαχόν
849 2502 921 2540 τε
977 2478 1080 2542 τὸν
1127 2478 1537 2544 Ἀσωπολοίου
1585 2479 1691 2544 καὶ
1744 2479 2020 2544 Λάκωνα
2070 2480 2172 2545 τὸν
2225 2480 2637 2559 Ἀειμνήστου

583 2599 866 2681 πρόξενον
904 2599 1050 2664 ὄντα
1084 2600 1592 2679 Λακεδαιμονίων
1624 2600 1731 2665 καὶ
1766 2600 2126 2674 ἐπελθόντες
2160 2599 2377 2679 ἔλεγον
2407 2600 2639 2667 τοιοίδε.

582 2718 1022 2784 Herwerdenus
1057 2721 1124 2785 in
1169 2719 1645 2807 Stud.Thucyd.
1694 2745 1755 2807 p.
1795 2724 1912 2788 442:
1963 2724 2012 2786 οἱ
2065 2723 2137 2786 δὲ
2185 2721 2413 2799 λόγον
2463 2722 2641 2797 αἰτη-

585 2838 840 2919 σοὶμενοι
912 2838 1285 2922 μακρότερον
1358 2842 1552 2906 εἰπεῖν
1612 2879 1701 2892 -
1758 2842 1915 2927 (καὶ)
1989 2841 2351 2916 ἐπελθόντες
2421 2841 2640 2921 ἔλεγον

584 2960 814 3025 τοιοίδε.
2425 2947 2428 2952 ¹

674 3080 907 3147 Ultimo
961 3082 1231 3169 exemplo
1289 3088 1425 3147 utar
1473 3082 1921 3147 evidentissima
1983 3083 2331 3148 coniectura
2376 3083 2643 3149 Dobraei

589 3203 676 3287 (in
726 3202 1011 3267 Adversa
1059 3200 1158 3282 II,
1207 3224 1267 3287 p.
1308 3202 1460 3285 341)
1500 3202 1653 3265 miro
1695 3201 1960 3285 quodam
2000 3223 2141 3266 casu
2178 3223 2369 3288 nuper
2408 3225 2443 3267 a
2488 3201 2643 3267 Mei-

587 3320 768 3385 nekio
815 3321 1091 3408 neglecta
1136 3320 1202 3384 in
1235 3318 1537 3398 Athenaei
1582 3318 1851 3384 editione
1890 3318 2323 3385 Teubneriana.
2386 3319 2464 3385 In
2499 3326 2644 3385 noto

590 3438 926 3525 fragmento
989 3438 1267 3505 Anaxilai
1342 3438 1587 3523 (Athen.
1652 3437 1853 3519 XIII,
1921 3441 2079 3518 558,
2140 3438 2203 3524 b)
2274 3460 2644 3505 summorum

590 3558 861 3623 virorum
914 3555 1179 3623 sollertia
1235 3557 1356 3623 iam
1415 3562 1654 3623 tantum
1716 3579 1840 3623 non
1892 3558 1960 3621 in
2017 3557 2319 3645 integrum
2363 3559 2647 3625 restituto

591 3676 739 3742 haec
785 3676 999 3743 vitiata
1044 3681 1221 3744 sunt:

684 3846 734 3909 οἱ
785 3843 1033 3926 Σινώπῃ
1080 3842 1131 3908 δ’
1163 3835 1243 3906 αὖ
1289 3840 1570 3915 συνόντες
1620 3844 1743 3923 οὐχ
1793 3840 1940 3926 ὕδρα
1988 3843 2217 3909 σύνεισι
2267 3847 2406 3918 νῦν;

686 3967 884 4046 γραῦς
935 3963 1048 4042 μὲν
1097 3960 1292 4039 αὕτη,
1340 3962 1768 4045 παραπέφυκε
1817 3964 1933 4038 δ’ἧ
1983 3961 2296 4029 Γνοέθαινα
2344 3966 2607 4041 πλησίον

688 4087 775 4157 ὥς
825 4083 922 4148 τα
970 4082 1222 4148 πολλοὶ
1272 4085 1337 4162 γ’
1370 4085 1511 4149 εἶσὶ
1561 4083 1800 4159 ταύτης
1850 4082 1980 4149 ἔστι
2025 4084 2351 4149 διπλάσιον
2394 4085 2605 4151 κακόν.

687 4256 816 4322 Ubi
860 4256 1067 4343 procul
1116 4256 1303 4323 dubio
1352 4278 1598 4321 manum
1646 4262 1856 4342 poetae
1900 4257 2132 4342 reperit·
2173 4256 2517 4323 Dobraeus:

2326 4375 2396 4420 2-x-
