3320 5169
1591 528 1629 586 9

581 740 672 806 sic
718 739 1102 827 peculiariter
1150 738 1309 803 valet
1355 737 1431 802 de
1476 735 1781 802 erroribus
1822 736 2204 804 librariorum
2260 741 2324 804 in
2371 748 2641 809 veterum

581 859 827 946 scriptis
888 857 1294 925 describendis
1349 874 1578 943 proque
1639 879 1750 920 sua
1801 857 2019 942 peritia
2065 858 2535 945 interpretandis
2581 869 2644 928 et

586 978 979 1066 corrigendis
1071 977 1228 1043 Cum
1287 976 1444 1044 enim
1511 975 1626 1042 hoc
1684 975 1944 1044 habeant
1998 978 2225 1044 maiora
2280 979 2524 1071 ingenia
2573 989 2642 1046 ut

587 1101 759 1188 quasi
805 1100 1161 1187 splendeant
1194 1121 1303 1164 sua
1343 1100 1602 1185 quisque
1637 1099 1877 1185 propria
1912 1100 2050 1163 luce
2087 1105 2149 1164 et
2194 1123 2229 1164 a
2274 1123 2338 1164 se
2383 1100 2644 1166 invicem

588 1220 797 1285 statim
863 1220 1331 1306 dignoscantur,
1394 1219 1669 1283 homines
1730 1217 1938 1282 obtusi
2000 1225 2061 1283 et
2111 1219 2357 1285 hebetes
2400 1227 2644 1301 contra,

588 1340 797 1425 quales
857 1338 1179 1403 admodum
1241 1344 1413 1403 erant
1478 1337 1848 1403 Graecorum
1910 1337 2029 1402 seri
2089 1345 2370 1425 nepoteS‚
2442 1362 2648 1404 omnes

587 1459 710 1523 fere
749 1458 999 1523 eandem
1038 1457 1366 1544 imaginem
1402 1457 1701 1538 referunt,
1749 1457 1964 1522 iisdem
2000 1458 2300 1523 erroribus
2345 1458 2650 1541 labuntur,

587 1577 795 1642 eadem
842 1577 1216 1660 ἀναισθησίᾳ
1281 1576 1558 1641 codicum
1606 1576 1761 1641 'vitia
1815 1583 2241 1661 concoquunt,
2288 1600 2444 1642 nova
2489 1601 2652 1643 com-

588 1699 881 1778 mittunt,
938 1697 1093 1761 malo
1154 1697 1382 1762 malum
1450 1701 1696 1782 augent.
1790 1697 1935 1761 Non
1980 1697 2251 1783 profecto
2306 1698 2652 1764 istiusmodi

591 1818 904 1882 hominum
959 1824 1086 1883 erat
1150 1840 1303 1901 quae
1358 1823 1631 1880 auctores
1701 1837 1888 1901 paene
1955 1815 2209 1901 perfecti
2276 1816 2651 1884 saeculorum

591 1939 876 2004 memoria
933 1938 1121 2024 digna
1175 1936 1533 2027 scripserant
1598 1958 1668 2001 ea
1730 1935 1818 2000 ab
1873 1936 2038 1999 omni
2083 1936 2217 2007 labe
2260 1960 2409 2022 pura
2455 1944 2517 2002 et
2562 1938 2653 2002 in·
2725 2004 2728 2008 ,

593 2066 763 2144 tegra
810 2056 1045 2123 tradere
1105 2057 1467 2143 posteritati.
1562 2057 1751 2141 Saepe
1798 2055 2115 2120 verborum
2173 2078 2379 2121 sensus
2439 2079 2654 2143 parum

592 2177 814 2242 curiosi
863 2179 1010 2241 satis
1057 2198 1359 2262 superque
1406 2174 1713 2240 habebant
1759 2175 2048 2239 librorum
2094 2175 2456 2261 scripturam
2504 2179 2656 2242 osci-

592 2304 791 2361 tanter
835 2297 1179 2383 depingere.
1274 2295 1660 2380 Quamquam
1708 2295 2005 2359 eiusmodi
2069 2295 2345 2360 socordia
2393 2297 2656 2383 complu-

592 2416 758 2505 ribus
812 2415 964 2479 locis
1021 2415 1450 2480 detrimentum
1512 2415 1827 2491 intulerit,
1891 2438 2256 2501 quamquam
2303 2439 2489 2503 prava
2536 2419 2657 2482 sin-

588 2533 870 2619 gulorum
940 2534 1260 2600 verborum
1330 2534 1746 2622 interpunctio
1818 2540 1878 2600 et-
1946 2535 2214 2601 infelices
2289 2536 2648 2623 syllabarum

596 2653 954 2718 omissiones
1003 2655 1091 2718 vel
1150 2656 1538 2741 repetitiones
1585 2662 1646 2720 et
1692 2655 2029 2740 frequentes
2084 2657 2425 2737 literarum,
2490 2681 2649 2722 com-

588 2772 983 2857 pendiorum,
1042 2774 1329 2860 siglorum
1385 2797 1508 2839 non
1569 2775 1852 2838 multum·
1890 2775 2282 2840 dissimilium
2347 2785 2649 2862 permuta·

594 2892 790 2956 tiones
837 2900 1106 2957 monstra
1154 2917 1326 2980 saepe
1371 2895 1694 2979 genuerint
1740 2903 1924 2978 atque
1979 2901 2285 2980 portenta,
2347 2902 2552 2961 tamen
2599 2899 2650 2961 si

594 3032 740 3075 sano
802 3010 1030 3075 iudicio
1092 3012 1324 3075 accedit
1369 3011 1733 3076 Graecitatis
1797 3012 2050 3076 scientia
2104 3020 2164 3077 et
2211 3013 2359 3078 artis
2413 3016 2649 3101 palaeo-

593 3130 914 3216 graphicae
947 3130 1195 3216 peritia,
1244 3131 1421 3194 facile
1461 3130 1576 3195 erit
1621 3132 1840 3194 horum
1876 3154 2153 3217 magnam
2192 3140 2419 3219 partem
2467 3136 2650 3200 inter-

592 3250 812 3336 pretari
861 3273 930 3314 ac
975 3272 1313 3337 procurare.
1385 3251 1584 3314 Multo
1631 3251 1877 3336 gravius
1923 3274 1985 3315 se
2030 3274 2122 3315 res
2170 3252 2349 3316 habet
2396 3254 2447 3316 si
2493 3254 2650 3318 forte

590 3369 817 3455 placuit
855 3370 1037 3435 docto
1080 3362 1374 3435 monacho
1413 3376 1518 3435 aut
1558 3371 1901 3456 magistello
1948 3371 2343 3458 scriptoribus
2379 3372 2649 3457 antiquis

591 3489 909 3554 admovere
957 3513 1202 3554 manum
1251 3491 1679 3576 corruptricem
1726 3498 1787 3554 et
1835 3491 2150 3578 pristinam
2195 3492 2513 3557 verborum
2561 3517 2649 3559 sa-

591 3610 844 3674 nitatem
890 3612 1177 3695 refingere
1214 3609 1291 3674 ad
1329 3632 1598 3674 normam
1639 3610 1936 3694 sequioris
1974 3611 2125 3676 aevi.
2198 3611 2368 3676 Haec
2407 3635 2650 3698 quoque

591 3729 807 3793 menda
854 3729 1063 3793 tollere
1109 3737 1365 3815 possunt
1411 3730 1627 3795 critici.
1723 3730 1842 3794 Sed
1901 3753 2053 3816 opus
2098 3738 2189 3795 est
2236 3732 2340 3795 diu
2390 3755 2651 3797 versasse

589 3849 1014 3933 grammaticos
1073 3856 1132 3912 et
1196 3849 1647 3935 lexicographos
1707 3856 1768 3912 et
1832 3850 2099 3934 reliquos
2170 3872 2372 3914 aereae
2436 3851 2650 3915 aetatis

591 3967 909 4052 scriptores
944 3968 1051 4051 qui
1085 3990 1308 4054 purum
1347 3977 1687 4033 sermonem
1723 3970 1977 4033 atticum
2018 3991 2198 4053 quem
2237 3970 2355 4054 ipsi
2391 3972 2651 4056 turpiter

589 4086 873 4172 ignorant
930 4088 1229 4150 neminem
1291 4096 1449 4153 recte
1518 4089 1820 4153 docebunt
1892 4090 1995 4153 sed
2066 4111 2324 4173 quorum
2393 4092 2651 4176 repetita

590 4203 774 4269 lectio
836 4204 950 4269 hoc
1011 4205 1221 4271 saltem
1282 4207 1581 4273 commodi
1651 4207 1832 4272 habet
1895 4207 2059 4290 quod
2119 4207 2307 4272 facem
2356 4210 2653 4294 praeferat
