3320 5169
1565 561 1604 622 3

638 776 726 840 At
769 795 964 859 neque
1009 756 1088 837 in*
1120 768 1325 837 vicina
1371 769 1696 835 Germania
1757 769 1984 835 criticis
2030 792 2139 835 sua
2182 772 2317 835 laus
2363 774 2602 836 constat

552 893 712 978 apud
771 914 998 958 omnes,
1090 891 1170 955 Et
1231 891 1376 954 olim
1433 890 1553 955 fuit
1605 898 1668 954 et
1726 913 1889 955 nunc
1948 897 2219 978 superest
2281 891 2607 958 obscurum

553 1012 855 1098 quoddam
889 1033 1080 1098 genus
1115 1032 1583 1096 anonymorum,
1634 1010 1740 1095 qui
1780 1011 2081 1095 q'uidquid
2119 1034 2152 1075 e
2189 1011 2427 1076 scriniis
2473 1010 2611 1097 phi-

462 1186 468 1192 .
550 1131 921 1219 lologorum,
968 1130 1332 1195 nostratium
1378 1129 1710 1216 imprimiS‚
1773 1130 1980 1215 prodit
2040 1130 2107 1195 in
2150 1129 2347 1196 lucem
2396 1128 2613 1216 cupide

554 1251 869 1330 damnant,
921 1250 1256 1336 despicatui
1308 1247 1568 1328 habent,
1628 1248 1905 1312 derident
1966 1270 2104 1314 cum
2161 1247 2250 1313 ira
2296 1254 2358 1314 et
2405 1248 2613 1313 studio

553 1393 739 1457 prope
765 1369 1177 1434 Dorvillianis.
1234 1368 1568 1452 Ecquando
1605 1368 1755 1432 haec
1801 1368 1967 1433 natio
2005 1368 2219 1455 iniqua
2256 1369 2412 1435 bella
2453 1391 2615 1433 com-

556 1490 777 1577 ponet?
855 1488 1035 1553 Nihil
1079 1493 1283 1553 tamen
1331 1488 1589 1552 istorum
1637 1487 2036 1568 μικροψυχία
2083 1511 2373 1573 umquam
2421 1488 2615 1554 movit

557 1611 874 1695 populares
933 1614 1207 1687 nostroe,
1271 1609 1379 1692 qui
1441 1609 1620 1686 μέγα
1683 1614 2046 1690 φρονοῦντες
2102 1609 2201 1674 illa
2248 1609 2453 1675 omnia
2496 1631 2616 1674 non

560 1728 818 1794 multum
866 1750 1072 1794 curare
1119 1727 1403 1793 assolent.

652 1849 719 1913 Si
780 1849 935 1913 forte
994 1848 1338 1933 quaerimus
1392 1849 1554 1912 unde
1616 1849 1862 1913 tandem
1924 1870 2017 1912 ars
2070 1871 2278 1913 revera
2339 1845 2619 1912 salutaris

564 1991 699 2033 cum
762 1968 908 2032 olim
970 1973 1102 2031 tum
1158 1967 1326 2031 hisce
1385 1968 1738 2052 praesertim
1789 1968 2163 2053 temporibus
2208 1973 2450 2033 tantum
2497 1966 2622 2030 odii

567 2086 961 2165 contraxerit,
1030 2091 1236 2149 tantae
1296 2085 1706 2171 perversitatis
1760 2086 1988 2151 crimen
2062 2087 2425 2173 susceperit,
2504 2088 2627 2150 non

569 2206 848 2270 omnibus
887 2204 1096 2269 eadem
1138 2205 1212 2268 de
1252 2227 1432 2270 causa
1469 2206 1640 2270 illam
1683 2205 1940 2271 invisam
1981 2228 2108 2270 esse
2148 2211 2415 2293 apparet.
2473 2205 2630 2269 Sunt

570 2326 676 2409 qui
721 2326 810 2389 nil
856 2324 1081 2389 bonum
1126 2325 1217 2387 nil
1262 2325 1413 2389 utile
1453 2324 1681 2389 ducant
1719 2325 1838 2388 nisi
1879 2325 2043 2410 quod
2080 2325 2197 2411 ipsi
2242 2330 2628 2412 perspectum

569 2445 831 2509 habeant
894 2466 1091 2528 neque
1160 2444 1430 2508 criticam
1503 2466 1667 2529 ergo,
1762 2443 1852 2507 Hi
1919 2468 2042 2509 non
2110 2443 2394 2509 audiendi
2463 2449 2626 2508 sunt.

574 2564 729 2630 Aliis
789 2564 999 2630 critica
1058 2563 1311 2629 facultas
1370 2564 1639 2645 videtur,
1706 2564 1908 2630 omnia
1972 2565 2194 2651 pariter
2252 2565 2317 2628 in
2372 2562 2628 2629 dubium

576 2686 879 2765 vocando,
950 2708 1071 2749 non
1140 2683 1522 2748 librariorum
1594 2685 2046 2770 scriptorumve
2097 2706 2323 2750 errores
2392 2689 2629 2748 tantum

577 2804 682 2868 sed
728 2803 919 2889 ipsam
961 2802 1315 2888 religionem
1364 2801 1602 2867 tollere:
1670 2809 1893 2867 temere
1954 2802 2114 2868 enim
2162 2803 2522 2868 labefactare
2568 2808 2630 2866 et

580 2922 917 2986 convellere
985 2944 1136 3006 quae
1205 2943 1434 3006 semper
1505 2945 1539 2985 a
1607 2921 2050 3007 sapientissimo
2120 2944 2364 3008 quoque
2424 2920 2633 2986 habita

579 3041 702 3106 sint
745 3040 1090 3119 verissima3
1150 3039 1300 3124 quin
1356 3039 1539 3103 etiam
1600 3039 1860 3104 eximere
1906 3063 1980 3104 ex
2026 3041 2244 3105 animis
2289 3041 2635 3106 mortalium

581 3183 746 3247 spem
815 3166 1037 3225 certam
1106 3158 1300 3222 futuri
1361 3158 1437 3222 acl
1487 3157 1638 3222 bene
1683 3157 1975 3244 beateque
2019 3160 2350 3225 vivendum
2386 3166 2635 3251 'tantum

582 3302 705 3345 non
751 3280 1033 3345 omnibus
1078 3277 1249 3343 valde
1294 3278 1708 3343 necessariam.
1787 3278 1920 3343 Alii
1966 3279 2228 3363 denique
2273 3280 2481 3359 multi,
2529 3280 2639 3344 ho-

583 3400 776 3465 mines
821 3398 1044 3464 eruditi
1093 3402 1273 3482 atque
1312 3397 1590 3477 humani,
1640 3397 1715 3461 de
1752 3397 2047 3484 religione
2091 3399 2322 3485 optima
2368 3422 2641 3484 quaeque

587 3541 824 3606 sperare
868 3541 992 3583 non
1048 3516 1336 3581 desinunt
1382 3516 1712 3601 literasque
1775 3517 2094 3583 nobiscum
2144 3525 2350 3584 amant
2396 3525 2457 3584 et
2505 3519 2646 3584 dili-

587 3646 778 3726 gunt,
848 3638 1130 3702 insanum
1191 3659 1332 3701 vero
1393 3636 1562 3702 istud
1616 3637 1871 3702 sanandi
1929 3639 2229 3721 studium,
2281 3662 2401 3724 quo
2460 3640 2646 3704 semel

589 3766 898 3845 tamquam
958 3757 1156 3822 furore
1221 3757 1515 3844 exagitati
1559 3757 1649 3821 nil
1710 3759 1831 3822 nisi
1876 3782 2048 3824 urere
2093 3767 2155 3824 et
2200 3782 2398 3824 secare
2445 3759 2648 3845 cupia-

593 3902 757 3960 muS‚
805 3878 872 3943 id
919 3876 1166 3962 quidem
1223 3877 1439 3941 acriter
1483 3879 1920 3965 perstringunt.
2014 3879 2296 3958 Iacebat,
2345 3883 2414 3943 ut
2452 3879 2649 3965 perhi-

593 3998 771 4077 bent,
837 4019 899 4060 se
952 3995 1154 4082 pueris
1210 3997 1531 4082 nugatoria
1590 3996 1693 4060 illa
1755 3996 1997 4061 critica:
2069 4003 2217 4061 tunc
2284 3997 2524 4063 demum
2586 4002 2652 4062 in

596 4117 826 4182 honore
871 4122 1042 4180 erant
1096 4114 1313 4180 Graeci
1361 4120 1422 4179 et
1466 4115 1756 4180 Romani!
1840 4115 2123 4181 Florebat
2169 4116 2441 4181 studium
2491 4124 2652 4184 vete-

596 4236 680 4301 ris
724 4235 1102 4319 eloquentiae
1150 4241 1211 4297 et
1253 4232 1452 4319 poesis
1470 4259 1487 4312 3
1549 4233 1884 4299 fabularum
1946 4235 2342 4300 amoenitates
2397 4237 2657 4305 delecta·

2331 4354 2400 4401 1-x·
