3320 5169
1113 1497 1531 1594 CAPUT
1615 1496 2310 1595 SEPTIMUM.

771 2262 1097 2346 Reliquum
1144 2267 1233 2327 est
1282 2267 1351 2327 ut
1388 2284 1639 2349 agamus
1673 2263 1747 2327 de
1777 2263 2218 2350 insignioribus
2265 2265 2571 2330 nonnullis
2610 2273 2742 2332 tum

684 2382 1063 2469 singularum
1120 2383 1489 2468 syllabarum
1557 2388 1690 2445 tum
1753 2383 2123 2469 integrarum
2181 2407 2401 2449 vocum
2463 2408 2742 2472 compen-

686 2502 824 2568 diis.
917 2501 1009 2566 De
1070 2502 1539 2590 insignioribuS,
1601 2502 1888 2588 inquam,
1935 2527 2077 2567 nam
2124 2510 2316 2569 totam
2362 2505 2519 2570 hanc
2574 2506 2741 2570 inex-

684 2623 964 2687 haustam
1022 2623 1334 2686 materiam
1389 2628 1529 2707 post
1583 2622 2020 2692 intentissimas
2067 2624 2262 2687 Bastii
2309 2646 2480 2688 curas
2527 2631 2745 2689 retrac-

687 2746 816 2806 tare
880 2764 1002 2805 non
1061 2741 1304 2805 iuvenis
1366 2747 1456 2805 est
1519 2740 1622 2805 sed
1677 2742 1807 2805 eius
1862 2742 1966 2824 qui
2024 2741 2153 2828 ipse
2220 2743 2442 2807 multos
2494 2743 2748 2808 Codices

608 2847 611 2852 ⁵
694 2861 819 2925 suis
889 2861 1080 2924 oculis
1151 2860 1527 2947 usurpaverit
1597 2860 1957 2946 assiduaque
2019 2862 2281 2926 lectione
2350 2885 2487 2926 cum
2560 2862 2751 2927 totius

698 2981 1064 3044 Graecitatis
1118 2980 1512 3066 scriptoribus
1580 2980 1858 3044 intimam
1920 2981 2284 3045 contraxerit
2345 2981 2628 3045 notitiam
2693 2988 2757 3045 et

701 3101 1190 3165 familiaritatem.
1263 3100 1519 3165 Accedit
1559 3099 1726 3184 quod
1766 3100 2055 3186 plurimae
2093 3100 2546 3166 observationes
2590 3101 2757 3166 lucu-

701 3216 894 3286 lenter
939 3220 1210 3285 exhiberi
1255 3228 1562 3306 nequeunt
1610 3219 1732 3283 nisi
1778 3219 1970 3305 variis⁴
2009 3219 2231 3283 additis
2278 3220 2506 3305 figuris,
2585 3220 2758 3301 Quae

707 3365 841 3406 cum
903 3341 991 3404 ita
1052 3341 1204 3419 sint,
1269 3363 1449 3425 quam
1499 3339 1713 3403 vellem
1775 3338 2104 3423 aliquando
2167 3339 2319 3402 mihi
2379 3338 2620 3403 daretur
2686 3362 2761 3404 ex

710 3460 959 3546 optimis
1013 3459 1184 3523 libris
1238 3459 1449 3537 MSS„
1509 3458 1616 3542 qui
1679 3458 1743 3521 in
1801 3457 2084 3543 Europae
2141 3457 2537 3521 Bibliothecis
2581 3480 2763 3522 asser-

711 3585 965 3657 vantur,
1025 3601 1094 3642 ea
1153 3579 1355 3641 omnia
1412 3585 1787 3663 comportare
1849 3600 2000 3662 quae
2059 3578 2134 3642 ad
2195 3576 2481 3641 Graecam
2529 3578 2765 3663 palaeo-

715 3698 1029 3785 graphiam
1078 3698 1193 3761 rite
1237 3697 1659 3782 perficiendam
1698 3698 2109 3782 requiruntur.
2204 3696 2412 3776 Quod,
2460 3697 2602 3760 licet
2651 3720 2767 3761 me-

717 3819 836 3882 rito
893 3817 1188 3882 habeatur
1248 3839 1339 3881 res
1401 3817 1715 3902 quantivis
1776 3818 1953 3881 molis
2016 3822 2075 3880 et
2122 3817 2389 3902 negotii,
2450 3817 2601 3901 quid
2640 3839 2770 3881 ‹non

719 3938 879 4002 bono
929 3936 1129 4001 animo
1183 3936 1667 4022 suscipiendum,
1724 3935 1872 4021 quid
1931 3958 2053 3999 non
2101 3936 2343 4000 fortiter
2389 3935 2768 4016 audendum,

722 4056 827 4122 ubi
861 4078 925 4120 re
971 4054 1201 4141 experti
1246 4055 1524 4119 novimus
1572 4054 1867 4134 iunioreS,
1917 4053 2121 4119 adesse
2168 4054 2277 4138 qui
2308 4054 2575 4140 pericula
2611 4054 2775 4118 iuve-

724 4175 875 4240 nilia
917 4198 1028 4261 pro
1074 4197 1306 4239 summa
1353 4198 1464 4238 sua
1509 4172 1918 4238 benivolentia
1955 4178 2017 4238 et
2058 4173 2370 4239 doctrinae
2408 4174 2581 4259 copia
2619 4174 2779 4239 salu-
