3320 5169
1596 512 1680 574 75

602 725 791 791 habet
871 725 950 792 G.
1019 724 1314 790 Canterus
1374 725 1441 790 in
1491 725 1659 790 Νον.
1722 724 1892 790 Lect.
1946 723 2085 789 Lib.
2142 721 2308 788 VIII
2366 721 2522 808 Cap.»
2579 724 2662 786 19

602 845 710 911 ubi
779 847 869 910 ita
936 845 1178 911 scribit:
1275 846 1394 925 „In
1470 844 1797 931 Responsis
1869 865 2023 928 quae
2094 843 2186 929 (in
2251 841 2409 908 Iust.
2477 841 2673 908 Mart„

601 966 764 1053 Lib.)
801 958 1193 1035 ”orthodoxis
1229 965 1511 1046 dantur,
1573 964 1927 1050 quaestione
1988 962 2355 1050 sexagesima
2431 964 2672 1048 quaeri-·

601 1093 736 1167 tur,
797 1088 848 1151 si
907 1093 1088 1151 nocte
1142 1086 1229 1152 sol
1289 1085 1505 1166 lateat,
1585 1108 1695 1151 cur
1753 1083 1991 1148 coelum
2068 1083 2441 1169 sphaericam
2510 1084 2666 1171 figu-

603 1229 730 1271 ram
775 1229 899 1271 non
938 1206 1175 1271 habeat.
1247 1205 1484 1270 Deinde
1532 1203 1866 1269 similitudo
1898 1203 2234 1289 profertur;
2281 1202 2458 1267 cuius
2500 1203 2665 1289 prior

601 1314 739 1413 pars
803 1325 1003 1406 deest,
1063 1325 1358 1412 posterior
1417 1326 1505 1389 sic
1551 1325 1829 1390 effertur:
1900 1319 2129 1395 οὗτος
2192 1317 2321 1387 οὖν
2385 1319 2460 1394 ὃς
2528 1323 2660 1387 ἐπί-

603 1469 804 1511 κειται
854 1454 932 1527 τῇ
982 1455 1097 1527 γῇ,
1147 1445 1326 1509 nobis
1365 1450 1569 1510 autem
1604 1444 1752 1508 haec
1798 1445 1887 1508 ita
1928 1444 2212 1509 videntur
2259 1444 2661 1524 restituenda,

603 1563 848 1636 οὕτως
898 1558 1226 1645 οὐρανὸς
1277 1561 1586 1627 ἐπίκειται
1635 1571 1712 1644 τῇ
1763 1571 1881 1644 γῇ,
1927 1587 2066 1629 nam
2114 1549 2275 1636 {Uo-1}
2313 1564 2464 1629 olim
2503 1571 2665 1629 recte

603 1684 896 1769 scriptum
952 1683 1027 1748 ab
1078 1682 1377 1769 imperitis
1422 1683 1489 1746 in
1534 1706 1631 1746 ουν
1682 1687 1743 1747 et
1788 1680 1850 1755 ὃς
1898 1683 2019 1747 fuit
2064 1684 2352 1750 divisum.
2444 1685 2665 1770 Itaque

600 1808 761 1866 recte
830 1802 950 1866 huc
1020 1824 1172 1886 quae
1257 1799 1713 1887 subiunguntur
1793 1801 2197 1883 conveniunt,
2268 1803 2373 1868 καὶ
2447 1802 2473 1866 ὃ
2545 1803 2662 1881 μὲν

603 1921 704 1986 διὰ
767 1922 837 1986 τὸ
901 1927 1131 2002 κοῦφον
1197 1922 1545 2003 οὶνωφερής·
1609 1924 1642 1997 ἦ
1715 1921 1774 1985 δὲ
1840 1921 1940 1985 δια
2005 1920 2075 1987 τό
2141 1921 2302 2004 βαρύ
2367 1923 2498 1987 ἐστι
2545 1946 2662 1987 κα-

601 2040 960 2124 τωφερής.”

690 2162 754 2226 Si
803 2163 940 2246 quis
1003 2162 1185 2227 huius
1239 2161 1679 2250 emendationis
1738 2162 2124 2248 persentiscit
2174 2162 2545 2228 evidentiam
2600 2168 2663 2226 et

600 2282 1028 2368 praestantiam
1076 2282 1238 2346 idem
1286 2281 1390 2345 ille
1440 2304 1551 2345 suo
1607 2282 1804 2367 pretio
1865 2282 2209 2348 aestimabit
2254 2282 2659 2349 coniecturam

600 2399 1025 2465 Valckenaerii
1076 2399 1136 2463 in
1187 2399 1469 2486 Aeschyl.
1518 2401 1841 2467 Eumenid.
1890 2425 1947 2467 v.
2014 2404 2161 2469 567.
2255 2401 2488 2488 Incipit
2547 2402 2663 2467 dea

599 2518 882 2584 Minerva
928 2518 1096 2583 hisce
1141 2519 1374 2584 verbis:

867 2693 1169 2772 κήρυσσε,
1221 2691 1448 2772 κήρυξ,
1499 2693 1604 2756 καὶ
1657 2692 1922 2773 στρατὸν
1972 2694 2417 2774 κατειργαθοῦ,

864 2840 942 2878 ψ
975 2850 1060 2863 ——
1092 2841 1169 2877 ψ
1218 2813 1332 2877 εἴτ’
1381 2808 1477 2877 οὖν
1527 2813 1799 2895 διάτορος
1849 2815 2198 2897 Τυρσηνικὴ

866 2931 1160 3009 σάλπιγξ
1214 2934 1493 3014 βροτείου
1542 2935 1901 3013 πνεύματος
1951 2937 2341 3017 πληρουμένη

867 3052 1183 3133 ὑπέρτονον
1233 3055 1490 3133 γήρυμα
1536 3054 1815 3134 φαινέτω
1868 3059 2139 3137 στρατῷ.

686 3233 785 3299 Ita
828 3233 1235 3320 pulcherrima
1288 3236 1454 3314 ῥῆσις
1528 3233 1732 3297 editur
1796 3258 1828 3297 a
1878 3234 2228 3315 Dindorfio,
2301 3238 2441 3320 qui,
2514 3260 2662 3323 pace

597 3378 655 3421 v.
705 3353 782 3420 cl.
825 3354 1055 3418 dictum
1104 3360 1260 3432 esto,
1302 3354 1580 3417 lacunam
1627 3352 1694 3417 in
1740 3354 2005 3418 secundo
2052 3377 2225 3419 versu
2264 3377 2475 3441 parum
2527 3378 2660 3442 pro·

598 3474 879 3540 habiliter
923 3474 1256 3553 indicavit3
1305 3496 1445 3548 nam
1509 3472 1652 3537 licet
1711 3472 2100 3558 irreparabile
2166 3473 2449 3540 damnum
2518 3474 2661 3540 huic

595 3594 726 3659 loco
772 3593 1008 3659 illatum
1066 3599 1255 3672 esset,
1308 3594 1374 3656 ἐκ
1422 3598 1538 3656 τῶν
1589 3592 2122 3675 συμφραζομένων
2180 3600 2383 3659 tamen
2428 3593 2660 3680 liquido

597 3718 899 3777 constaret
966 3711 1040 3776 ab
1114 3709 1255 3776 εἶτα
1328 3712 1689 3777 ordiendum
1768 3734 1913 3778 esse.
2005 3712 2146 3776 Εἶτ’
2182 3709 2279 3777 οὖν
2344 3713 2659 3778 tritissima

596 3832 842 3919 quidem
892 3841 986 3897 est
1030 3832 1464 3918 particularum
1528 3832 1879 3897 coniunctio
1942 3833 2048 3897 sed
2095 3833 2211 3898 alio
2258 3856 2437 3897 sensu
2487 3855 2658 3897 usur-

595 3957 774 4038 patur
808 3951 962 4034 ⁸huic
998 3952 1134 4016 loco
1176 3951 1426 4016 minime
1464 3950 1704 4016 idoneo,
1764 3951 1946 4035 (Vide
1983 3975 2034 4018 e.
2063 3975 2114 4018 c.
2164 3952 2371 4038 Eurip.
2413 3951 2653 4018 Heracl.

598 4095 654 4138 v,
706 4074 831 4134 149
885 4121 938 4135 ..
967 4119 979 4132 .
1010 4069 1162 4134 ,εἴτ’
1194 4066 1291 4135 οὖν
1341 4071 1469 4136 εἴτε
1514 4072 1604 4150 μὴ
1652 4073 2018 4157 γενήσεται)
2077 4071 2273 4137 Enixe
2318 4072 2477 4136 enim
2525 4095 2656 4137 ver-

594 4191 810 4257 borum
880 4196 1204 4256 contextus
1273 4189 1572 4276 postulat:
1629 4191 1894 4273 primum
1920 4241 1934 4257 .
2053 4241 2067 4257 .
2095 4240 2110 4256 .
2141 4241 2154 4257 .
2181 4191 2423 4268 deinde,
2495 4191 2654 4255 nihil
