3320 5169
1649 502 1731 565 56

673 732 753 774 το
772 707 796 773 l
810 734 868 784 η.
963 709 1202 777 Erroris
1247 734 1427 779 causa
1469 713 1537 778 in
1583 714 1788 801 aprico
1832 720 1943 782 est.
2035 714 2233 780 Aliter
2264 713 2509 779 videtur
2548 712 2723 777 Stall-

674 827 940 927 haumio.
1036 833 1122 895 At
1166 832 1370 897 confer
1414 833 1576 900 Hell.
1626 834 1763 915 III,
1811 839 1887 915 4,
1941 838 2018 899 15
2066 835 2220 900 finex
2267 832 2467 914 ὥσπερ
2509 831 2584 898 ἄν
2628 856 2722 904 τις

676 946 781 1012 τὸν
831 949 977 1029 ὑπὲρ
1028 954 1219 1016 αὑτοῦ
1267 952 1762 1034 ἀποθανούμενον
1814 953 2132 1035 προθύμως
2180 952 2478 1036 ζητοίη.

767 1077 817 1131 Κ
838 1117 855 1142 ,
919 1090 1058 1134 cum
1120 1070 1304 1135 altera
1378 1094 1512 1159 pars
1581 1078 1738 1138 esset
1804 1074 2025 1139 ductus
2090 1074 2372 1155 rotundi,
2438 1072 2729 1159 bipartito

678 1187 984 1253 divulsum
1049 1212 1224 1277 saepe
1284 1193 1517 1278 peperit
1584 1203 1610 1256 I
1632 1202 1675 1259 C
1704 1226 1786 1250 =
1816 1217 1905 1266 ις.
2010 1192 2330 1259 Contrario
2399 1214 2595 1258 errore
2664 1215 2725 1264 ις

674 1308 868 1372 literis
913 1309 1080 1374 nullo
1129 1311 1327 1396 spatio
1372 1312 1647 1378 diremtis
1694 1314 1917 1379 coaluit
1962 1314 2026 1378 in
2072 1338 2129 1380 κ.

772 1427 1217 1509 Perridiculum
1279 1453 1423 1497 sane
1485 1438 1575 1498 est
1644 1433 1934 1513 σφοὶλμα
2002 1433 2111 1498 ubi
2179 1432 2541 1498 somnolenti
2608 1454 2734 1497 mo-

680 1547 859 1611 nachi
928 1546 1152 1629 ἄνδρας
1222 1550 1507 1631 οξρίστους
1586 1554 1830 1635 optimos
1895 1554 2049 1618 viros
2126 1558 2366 1616 mutant
2433 1552 2501 1616 in
2570 1573 2737 1617 ursos

686 1664 1018 1755 (ἄρκτους).
1113 1674 1198 1736 At
1249 1671 1374 1735 noli
1420 1672 1486 1736 in
1531 1671 1792 1737 librariis
1841 1672 2174 1756 quidquam
2228 1670 2433 1735 mirari
2477 1671 2529 1734 si
2574 1670 2738 1756 ipsos

562 1798 563 1801 ’
681 1788 1000 1874 scriptores
1047 1812 1290 1875 quoque
1336 1790 1659 1856 dormitare
1706 1791 2000 1857 videmus.
2092 1791 2282 1856 Cuius
2337 1790 2423 1854 rei
2469 1789 2738 1875 exemplo

683 1912 776 1971 est
822 1908 1174 1974 Athenaeus
1219 1911 1284 1974 in
1331 1910 1471 1975 Lib.
1518 1910 1643 1990 XI,
1698 1913 1858 1991 500,
1908 1933 1961 1975 c.
2024 1910 2129 1995 qui
2178 1916 2347 1974 totus
2394 1909 2456 1973 in
2502 1907 2740 1994 poculis

679 2025 772 2090 nil
832 2026 955 2092 doli
1016 2029 1360 2115 suspicatus
1429 2029 1790 2094 suavissime
1847 2037 2052 2094 narrat
2114 2029 2296 2093 etiarn
2360 2026 2740 2112 Dercylidam

681 2146 1261 2228 Lacedaemonium,
1335 2148 1526 2212 virum
1591 2147 2046 2212 callidissimum
2093 2147 2454 2233 cognomine
2501 2146 2738 2227 σκύφος

683 2264 1046 2350 appellatum
1081 2266 1267 2331 fuisse
1303 2267 1487 2351 idque
1522 2268 1977 2331 commemorari
2015 2266 2088 2331 ab
2113 2266 2375 2352 Ephoro,
2398 2264 2506 2328 “ss
2537 2245 2741 2346 λῷστε

688 2381 974 2456 Ἀθήναιε
1046 2378 1160 2447 εἶτ’
1216 2386 1573 2466 ἀνηγρόμην
1637 2384 1713 2458 ὥς
1789 2391 1980 2466 φησιν
2030 2383 2510 2465 Ἀριστοφάνης.
2629 2383 2746 2448 Cui

689 2501 853 2567 enim
900 2501 1145 2591 ignotus
1194 2505 1522 2592 Sisyphus:
1573 2501 1600 2569 ὃ
1648 2506 1957 2587 κέρδιστος
2008 2504 2216 2583 γένετ’
2244 2502 2518 2584 οὲνδρῶνὲ
2563 2524 2744 2588 quem

690 2630 932 2690 revocat
974 2625 1282 2690 Porsonus
1332 2627 1645 2711 (Adversa
1694 2651 1754 2713 p.
1808 2625 1983 2712 131).

782 2746 1007 2811 Dextre
1051 2745 1198 2811 olim
1262 2746 1538 2832 Aeschyl.
1602 2745 1878 2832 Choeph.
1927 2768 1988 2810 v.
2037 2745 2161 2810 897
2213 2743 2472 2809 correxit
2524 2740 2750 2808 Robor-

698 2866 903 2933 telluS.
998 2866 1073 2930 In
1119 2864 1326 2930 codice
1372 2865 1553 2930 unico
1597 2863 1858 2951 legitur:

886 3045 1188 3127 ἐπίσχες,
1240 3041 1281 3111 ὦ
1331 3054 1483 3120 παῖ,
1534 3043 1707 3110 τόνδε
1756 3045 1807 3108 δ’
1839 3043 2122 3117 αἴδεσαι,
2172 3043 2413 3121 τέκνον,

885 3168 1130 3251 μαστὸν
1180 3168 1364 3249 πρὸς
1417 3167 1561 3232 ὠκὺ
1611 3167 1826 3231 πολλὰ
1875 3165 1943 3241 δη
1990 3161 2213 3247 βρίζων
2262 3163 2406 3243 ἅμα

890 3290 1154 3357 οὔλοισιν
1201 3288 1559 3369 ἐξήμελξας
1608 3287 1922 3370 εὐτραφὲς
1970 3284 2177 3364 γάλα.

797 3466 990 3530 Poeta
1034 3464 1355 3550 scripserat
1399 3462 1587 3543 πρὸς
1637 3453 1679 3540 ᾧ
1727 3459 1840 3525 σύ.

801 3582 1098 3647 Palmaria
1159 3604 1403 3668 quoque
1465 3588 1556 3645 est
1612 3580 1953 3646 emendatio
2009 3579 2352 3666 Hirschigii
2396 3579 2462 3643 in
2507 3578 2770 3644 Luciani

719 3701 1166 3767 Saturnalibus.
1202 3701 1262 3785 (ᾧ
1291 3701 1398 3785 25)
1451 3701 1570 3779 ἐγὼ
1620 3700 1732 3775 μὲν
1782 3699 1987 3765 παλαι
2037 3699 2346 3778 βασιλεὺς
2398 3698 2474 3763 ὢν
2523 3698 2768 3763 πέπαυ-

725 3845 844 3904 μαι
894 3816 1011 3892 εἷς
1062 3819 1150 3884 ὢν
1199 3828 1326 3893 τοῖς
1363 3820 1543 3885 παισὶ
1588 3820 1911 3900 διανείμας
1946 3822 2055 3895 την
2088 3820 2315 3900 ἀρχήν.
2364 3818 2493 3885 Ubi
2539 3817 2774 3883 codices

726 3940 811 4017 εἷς
857 3943 956 4017 ὢν,
1004 3943 1264 4008 editores
1309 3942 1411 4007 alii
1459 3941 1653 4007 aliter.
1703 3940 1841 4028 Ipse
1878 3940 2185 4006 Lucianus
2223 3938 2470 4004 dederat
2500 3943 2768 4017 ΕΚΩΝ.

813 4063 906 4127 Ex
968 4063 1085 4127 hoc
1144 4064 1314 4128 fonte
1374 4068 1663 4149 perpetua
1721 4059 1995 4126 confusio
2039 4058 2554 4146 praepositionum
2602 4056 2669 4120 ἐκ
2716 4060 2778 4120 et

728 4184 812 4256 εἷς
862 4183 937 4250 de
982 4182 1200 4269 quibus
1245 4182 1388 4248 vide
1432 4181 1580 4268 Cap.
1626 4179 1742 4246 VI.
